
  
  
  
  
  
  
 
  
  <record xsi:schemaLocation="http://www.loc.gov/MARC21/slim http://www.loc.gov/standards/marcxml/schema/MARC21slim.xsd">
      <leader>00000cam  2200685 a 4500</leader>
      <controlfield tag="FMT">BK</controlfield>
      <controlfield tag="LDR">00000cam  2200685 a 4500</controlfield>
      <controlfield tag="001">004074310</controlfield>
      <controlfield tag="003">OCoLC</controlfield>
      <controlfield tag="005">20141201103547.0</controlfield>
      <controlfield tag="008">141201s2005    cc ab    b    000 0 chi d</controlfield>
      <datafield tag="020" ind1=" " ind2=" ">
         <subfield code="a">7501016291</subfield>
      </datafield>
      <datafield tag="020" ind1=" " ind2=" ">
         <subfield code="a">9787501016297</subfield>
      </datafield>
      <datafield tag="035" ind1=" " ind2=" ">
         <subfield code="a">(OCoLC)61335126</subfield>
      </datafield>
      <datafield tag="040" ind1=" " ind2=" ">
         <subfield code="a">LWU</subfield>
         <subfield code="c">LWU</subfield>
         <subfield code="d">CUY</subfield>
         <subfield code="d">CLU</subfield>
         <subfield code="d">DRB</subfield>
         <subfield code="d">SLY</subfield>
         <subfield code="d">OCLCF</subfield>
         <subfield code="d">ZYU</subfield>
         <subfield code="d">NNU</subfield>
      </datafield>
      <datafield tag="043" ind1=" " ind2=" ">
         <subfield code="a">a-cc---</subfield>
      </datafield>
      <datafield tag="050" ind1=" " ind2="4">
         <subfield code="a">DS747.5</subfield>
         <subfield code="b">.Q565 2005</subfield>
      </datafield>
      <datafield tag="066" ind1=" " ind2=" ">
         <subfield code="c">$1</subfield>
      </datafield>
      <datafield tag="245" ind1="0" ind2="0">
         <subfield code="6">880-01</subfield>
         <subfield code="a">Qin xi chui wen hua lun ji /</subfield>
         <subfield code="c">zhu bian Kang Shirong ; fu zhu bian Nan Xuanzi.</subfield>
      </datafield>
      <datafield tag="250" ind1=" " ind2=" ">
         <subfield code="6">880-02</subfield>
         <subfield code="a">Di 1 ban.</subfield>
      </datafield>
      <datafield tag="260" ind1=" " ind2=" ">
         <subfield code="6">880-03</subfield>
         <subfield code="a">Beijing :</subfield>
         <subfield code="b">Wen wu chu ban she,</subfield>
         <subfield code="c">2005.</subfield>
      </datafield>
      <datafield tag="300" ind1=" " ind2=" ">
         <subfield code="a">4, 2, 1, 559 p. :</subfield>
         <subfield code="b">ill., map ;</subfield>
         <subfield code="c">30 cm.</subfield>
      </datafield>
      <datafield tag="500" ind1=" " ind2=" ">
         <subfield code="6">880-04</subfield>
         <subfield code="a">"Li Xian Qin xi chui wen hua yan jiu hui, Li Xian bo wu guan"--Cover.</subfield>
      </datafield>
      <datafield tag="504" ind1=" " ind2=" ">
         <subfield code="a">Includes bibliographical references.</subfield>
      </datafield>
      <datafield tag="520" ind1=" " ind2=" ">
         <subfield code="6">880-05</subfield>
         <subfield code="a">Ben shu xuan bian le you guan Xichui ling yuan ta xing mu fa xian, fa jue qing kuang de wen zhang he guan yu zao qi Qin wen hua de wen xian zi liao he yan jiu lun wen, gai shu di yi bu fen wei li shi wen xian, di er bu wen wei jin ren lun wen, an zu yaun zheng ming, Xichui fa xiang, dou ling yan jiu, qi ming kao shi, fa jue ji shi wu lei pai lie.</subfield>
      </datafield>
      <datafield tag="505" ind1="0" ind2="0">
         <subfield code="6">880-06</subfield>
         <subfield code="t">Qian yan /</subfield>
         <subfield code="r">Ren Denghong --</subfield>
         <subfield code="t">Shang shu ・Yao dian (zhai) --</subfield>
         <subfield code="t">Shi ji ・Qin ben ji (zhai) --</subfield>
         <subfield code="t">Zhu shu ji nian (zhai) --</subfield>
         <subfield code="t">Shui jing zhu ・Yang shui (zhai) --</subfield>
         <subfield code="t">Du shi fang yu zhai yao (zhai) --</subfield>
         <subfield code="t">Qin hui yao ding bu ・du yi (zhai) --</subfield>
         <subfield code="t">Qing du yi kao /</subfield>
         <subfield code="r">Wang Guowei --</subfield>
         <subfield code="t">Zhou Qin shao shu min zu yan jiu (zhai) /</subfield>
         <subfield code="r">Meng Wentong --</subfield>
         <subfield code="t">Zhao Qin Chu min zu lai yuan /</subfield>
         <subfield code="r">Wei Juxian --</subfield>
         <subfield code="t">Ying Qin wei dong fang min zu kao /</subfield>
         <subfield code="r">Huang Wenbi --</subfield>
         <subfield code="t">Qin zu kao /</subfield>
         <subfield code="r">Chen Xiuyun --</subfield>
         <subfield code="t">Qin zu de yuan yuan yu Qin dai feng jian zhuan zhi zhu yi guo jia de chuang li /</subfield>
         <subfield code="r">Jian Bozan --</subfield>
         <subfield code="t">Qin ren zao qi li shi tan suo /</subfield>
         <subfield code="r">Lin Jianming --</subfield>
         <subfield code="t">Qin ren zao qi li shi de liang ge wen ti /</subfield>
         <subfield code="r">Xiong Tieji --</subfield>
         <subfield code="t">Qin ren zao qi shi ji chu tan /</subfield>
         <subfield code="r">Huang Zhuoyao --</subfield>
         <subfield code="t">Du "Qin ben ji" zha ji /</subfield>
         <subfield code="r">Wu Shiqian --</subfield>
         <subfield code="t">Ying Qin ren qi yuan yu dong fang he xi qian qing kuang chu tan /</subfield>
         <subfield code="r">He Hanwen --</subfield>
         <subfield code="t">Zhou gong dong zheng he Ying xing xi qian /</subfield>
         <subfield code="r">Lin Jianming --</subfield>
         <subfield code="t">Guang yu Yi zu de xi qian he Qin Ying de qi yuang di, zu shu wen ti /</subfield>
         <subfield code="r">Duan Lianqin --</subfield>
         <subfield code="t">Qin ren zu yuan zou yi /</subfield>
         <subfield code="r">Gao Fuhong --</subfield>
         <subfield code="t">Shi lun Qin zhi yuan yuan /</subfield>
         <subfield code="r">Liu Qingzhu --</subfield>
         <subfield code="t">Ying xing zhu guo de yuan liu yu fen bu /</subfield>
         <subfield code="r">He Guangyue</subfield>
      </datafield>
      <datafield tag="505" ind1="0" ind2="0">
         <subfield code="6">880-07</subfield>
         <subfield code="t">Guan yu Qin ren zu shu ji wen hua yuan yuan guan jian /</subfield>
         <subfield code="r">Han Wei --</subfield>
         <subfield code="t">Qin ren fa xiang di zou lun /</subfield>
         <subfield code="r">Yan Bin --</subfield>
         <subfield code="t">Xun zhao Qin wen hua yuan yuan de xin xian suo /</subfield>
         <subfield code="r">Zhao Huacheng --</subfield>
         <subfield code="t">Qin Zhao tong yuan xin zheng /</subfield>
         <subfield code="r">Lin Jianming --</subfield>
         <subfield code="t">Qin ren qi yuan Fan Xian shuo /</subfield>
         <subfield code="r">Li Jiangzhe --</subfield>
         <subfield code="t">Qin wen hua yuan yuan chu tan /</subfield>
         <subfield code="r">Chang Qing --</subfield>
         <subfield code="t">Zao qi Ying Qin xi qian shi ji de kao cha /</subfield>
         <subfield code="r">Shang Zhiru --</subfield>
         <subfield code="t">Ying Qin zu xi qian kao /</subfield>
         <subfield code="r">He Qinggu --</subfield>
         <subfield code="t">Qin ren de zu yuan ji qian xi lu xian /</subfield>
         <subfield code="r">Wang Yuzhe --</subfield>
         <subfield code="t">Jian lun xi fang Ying xing guo de you lai /</subfield>
         <subfield code="r">Yang Dongchen, Yang Jianguo --</subfield>
         <subfield code="t">Zhoug dai Dong Yi Ying xing zu de xi qian he Ying xing guo de ye ji /</subfield>
         <subfield code="r">Yang Dongchen --</subfield>
         <subfield code="t">Ying Qin zu xi qian duo Qin wen hua xing cheng de zuo yong /</subfield>
         <subfield code="r">Wang Bo, Yin Xiaqing --</subfield>
         <subfield code="t">Guan yu Qin ren zu yuan he Qin wen hua yuan yuan de ji dian ren shi /</subfield>
         <subfield code="r">Wang Bo, Yin Xiaqing --</subfield>
         <subfield code="t">Ying Qin xi qian wen ti xin tan /</subfield>
         <subfield code="r">Guo Xiangdong --</subfield>
         <subfield code="t">Qin wen hua er yuan shuo /</subfield>
         <subfield code="r">Huang Liuzhu --</subfield>
         <subfield code="t">Qin wen hua yuan yuan yu Qin ren qi yuan tan suo /</subfield>
         <subfield code="r">Niu Shishan --</subfield>
         <subfield code="t">Yang niao chong bai yu “Xi” yin de li shi di wei /</subfield>
         <subfield code="r">Zhu Zhongxi --</subfield>
         <subfield code="t">"Shan hai jing" yu Qin ren zao qi li shi tan suo /</subfield>
         <subfield code="r">Tian Jing, Shi Dangshe --</subfield>
         <subfield code="t">Qin ren zao qi li shi de ji ge di li wen ti: yi Qian Mu shuo wei zhong xin /</subfield>
         <subfield code="r">Shi Dangshe --</subfield>
         <subfield code="t">Qin zao qi li shi de xiang guan wen ti /</subfield>
         <subfield code="r">Shi Dangshe</subfield>
      </datafield>
      <datafield tag="505" ind1="0" ind2="0">
         <subfield code="6">880-08</subfield>
         <subfield code="t">Guo jun ji shi (jie xuan) /</subfield>
         <subfield code="r">Ma Feibai --</subfield>
         <subfield code="t">Qin guo fa xiang di /</subfield>
         <subfield code="r">Li Xueqin --</subfield>
         <subfield code="t">Qin Long wen hua de di yu te se yu li shi di wei /</subfield>
         <subfield code="r">Ge Chengyong --</subfield>
         <subfield code="t">Qin jian guo qina huo dong kao cha /</subfield>
         <subfield code="r">Xu Righui --</subfield>
         <subfield code="t">Qin jian guo qian huo dong kao cha (xu) /</subfield>
         <subfield code="r">Xu Rihui --</subfield>
         <subfield code="t">Dui Qin Ying “Xi chui” ji xiang guan wen ti de kao cha /</subfield>
         <subfield code="r">Xu Rihui --</subfield>
         <subfield code="t">Lun Tianshui Qin wen hua de xing cheng ji qi te dian /</subfield>
         <subfield code="r">Yong Jichun --</subfield>
         <subfield code="t">Li Xian deng di suo jian zao qi Qin wen hua yi cun you guan wen ti zou lun /</subfield>
         <subfield code="r">Zhang Tian'en --</subfield>
         <subfield code="t">Gansu dong Qin zao qi wen hua de xin ren shi /</subfield>
         <subfield code="r">Xu Rihui --</subfield>
         <subfield code="t">Qin Xi chuo wen hua de you guan wen ti /</subfield>
         <subfield code="r">Kang Shirong --</subfield>
         <subfield code="t">Qi Shan ji gu /</subfield>
         <subfield code="r">Kang Shirong --</subfield>
         <subfield code="t">Du yi biao /</subfield>
         <subfield code="r">Mai Feibai --</subfield>
         <subfield code="t">Ling mu zhi /</subfield>
         <subfield code="r">Ma Feibai --</subfield>
         <subfield code="t">"Shi ji" zhong suo jian Qin zao qi du yi zang di /</subfield>
         <subfield code="r">Li Ling --</subfield>
         <subfield code="t">Qin du yi Xi chui gu zhi tan yuan /</subfield>
         <subfield code="r">Kang Shirong --</subfield>
         <subfield code="t">Qian tan Qin zao qi du yi Quan qiu /</subfield>
         <subfield code="r">Wang Shiping --</subfield>
         <subfield code="t">Qie Gansu Li Xian Dabaozi Shan Qin gong mu di ji wen wu /</subfield>
         <subfield code="r">Chen Zhaorong --</subfield>
         <subfield code="t">Qian tan Li Xian Dabaozi shan Qing gong mu di ji qi tong qi /</subfield>
         <subfield code="r">Wang Hui --</subfield>
         <subfield code="t">Qian tan Li Xian Qing gong mu di yi cun xiang guang wen ti /</subfield>
         <subfield code="r">Chen Ping --</subfield>
         <subfield code="t">Tianshui fu jin Qin du cheng kao lun /</subfield>
         <subfield code="r">Xu Weimin --</subfield>
         <subfield code="t">Qin gong di wang ling si da ling qu ji qi xing cheng yuan yin /</subfield>
         <subfield code="r">Xu Wei</subfield>
      </datafield>
      <datafield tag="505" ind1="0" ind2="0">
         <subfield code="6">880-09</subfield>
         <subfield code="t">Qin ren zao qi du yin xi chui kao /</subfield>
         <subfield code="r">Yong Jichun --</subfield>
         <subfield code="t">Qin zu yuan ji zao qi du yi, zang di Qi shuo ji ju /</subfield>
         <subfield code="r">Liu Mingke --</subfield>
         <subfield code="t">Zai lun Xin chui di wang: jian da Yong Jichun xian sheng /</subfield>
         <subfield code="r">Zhu Zhongxi --</subfield>
         <subfield code="t">Shi lun Qin xian gong Xi chui ling qu de fa xian /</subfield>
         <subfield code="r">Zhu Zhongxi --</subfield>
         <subfield code="t">Xi chui xi chou kao /</subfield>
         <subfield code="r">Chen Ze --</subfield>
         <subfield code="t">Qin jiu du ba qian lu xian wen ti /</subfield>
         <subfield code="r">Li Zizhi --</subfield>
         <subfield code="t">Qin du cheng yan jiu de xian zhuang ji qian zhan /</subfield>
         <subfield code="r">Qin Han --</subfield>
         <subfield code="t">Li Xian Dabaozishan Qin ling mu zhu zai tan /</subfield>
         <subfield code="r">Zhu Zhongxi --</subfield>
         <subfield code="t">Shi shuo Qin xi shan ling qu de xiang guang wen ti /</subfield>
         <subfield code="r">Zhang Tian'en --</subfield>
         <subfield code="t">Qin gong dui fa /</subfield>
         <subfield code="r">Wang Guowei --</subfield>
         <subfield code="t">Qing gong hu yun du /</subfield>
         <subfield code="r">Guo Moruo --</subfield>
         <subfield code="t">Shi gu wei Qin gong shi wu kao /</subfield>
         <subfield code="r">Mu Xulun --</subfield>
         <subfield code="t">Qin gong tou ba /</subfield>
         <subfield code="r">Shang Chengzuo --</subfield>
         <subfield code="t">Tianshui chu tu Qin qi hui kao xu /</subfield>
         <subfield code="r">Hu Shouqian --</subfield>
         <subfield code="t">Qin gong gu qi ming kao shi /</subfield>
         <subfield code="r">Feng Guorui --</subfield>
         <subfield code="t">Qin gong zhong qi ming kao shi /</subfield>
         <subfield code="r">Feng Guorui --</subfield>
         <subfield code="t">Qin che guan tu shuo /</subfield>
         <subfield code="r">Feng Guorui --</subfield>
         <subfield code="t">Shi you er gong hou zhi Qin gong shuo /</subfield>
         <subfield code="r">Liu Wenbing --</subfield>
         <subfield code="t">Qin gong duan ji Qin ying he Zhong liang ming wei yun wen shuo /</subfield>
         <subfield code="r">Liu Wenbing --</subfield>
         <subfield code="t">Yu Feng Zhongxiang lun Qin gong duan shu /</subfield>
         <subfield code="r">Liu Wenbing --</subfield>
         <subfield code="t">Qing gong 秦公gui nian dai de zai tui ding /</subfield>
         <subfield code="r">Li Xueqin</subfield>
      </datafield>
      <datafield tag="505" ind1="0" ind2="0">
         <subfield code="6">880-10</subfield>
         <subfield code="t">Qin gong gui de shi dai wen ti /</subfield>
         <subfield code="r">Chen Zhaorong --</subfield>
         <subfield code="t">Lun Gansu Li Xian tong bo /</subfield>
         <subfield code="r">Li Xueqin李学勤 --</subfield>
         <subfield code="t">Zui xin chu xian de Qin gong hu /</subfield>
         <subfield code="r">Li Xueqin, Ai Lan --</subfield>
         <subfield code="t">Lun Gansu Li Xian chu tu de Qin jin bo shi pian /</subfield>
         <subfield code="r">Han Wei --</subfield>
         <subfield code="t">Tan xin chu Qin gong hu de shi dai /</subfield>
         <subfield code="r">Chen Zhaorong --</subfield>
         <subfield code="t">Qin gong hu ying wei Dong Zhou chu qi qi /</subfield>
         <subfield code="r">Bai Guangqi --</subfield>
         <subfield code="t">Qin gong gui yu Xi Xian /</subfield>
         <subfield code="r">Zhao Wenhui --</subfield>
         <subfield code="t">Shanghai bo wu guan xin huo Qin gong qi yan jiu /</subfield>
         <subfield code="r">Li Chaoyuan --</subfield>
         <subfield code="t">Shanghai bo wu guan xin cang Qin qi yan jiu /</subfield>
         <subfield code="r">Li Chaoyuan --</subfield>
         <subfield code="t">Lundun xin jian Qin gong hu /</subfield>
         <subfield code="r">Li Chaoyuan --</subfield>
         <subfield code="t">Jian lun xian Qin ji qi “Lu zong yi” ji qi chan sheng bei jing /</subfield>
         <subfield code="r">Jia Limin --</subfield>
         <subfield code="t">Qin gong gui ming wen kao shi yu qi zhu ji zuo qi shi dai de tui ding /</subfield>
         <subfield code="r">Chen Ze --</subfield>
         <subfield code="t">"Qin zi" xin shi /</subfield>
         <subfield code="r">Li Xueqin --</subfield>
         <subfield code="t">Li Xian Dabaozishan Qin gong mu di ji xiang guan wen ti /</subfield>
         <subfield code="r">Dai Chunyang --</subfield>
         <subfield code="t">Li Xian Dabaozishan Qin guo mu di fa jue san ji /</subfield>
         <subfield code="r">Dai Chunyang.</subfield>
      </datafield>
      <datafield tag="651" ind1=" " ind2="0">
         <subfield code="a">China</subfield>
         <subfield code="x">History</subfield>
         <subfield code="y">To 221 B.C.</subfield>
      </datafield>
      <datafield tag="651" ind1=" " ind2="0">
         <subfield code="a">China, Northwest</subfield>
         <subfield code="x">History.</subfield>
      </datafield>
      <datafield tag="651" ind1=" " ind2="0">
         <subfield code="a">Li Xian (Gansu Sheng, China)</subfield>
         <subfield code="6">880-11</subfield>
         <subfield code="x">Antiquities.</subfield>
      </datafield>
      <datafield tag="651" ind1=" " ind2="0">
         <subfield code="a">China</subfield>
         <subfield code="x">History</subfield>
         <subfield code="y">Qin dynasty, 221-207 B.C.</subfield>
      </datafield>
      <datafield tag="650" ind1=" " ind2="7">
         <subfield code="a">Qin Dynasty (China)</subfield>
         <subfield code="2">fast</subfield>
         <subfield code="0">(OCoLC)fst01696772</subfield>
      </datafield>
      <datafield tag="651" ind1=" " ind2="7">
         <subfield code="a">China.</subfield>
         <subfield code="2">fast</subfield>
         <subfield code="0">(OCoLC)fst01206073</subfield>
      </datafield>
      <datafield tag="648" ind1=" " ind2="7">
         <subfield code="a">221 - 207 B.C.</subfield>
         <subfield code="2">fast</subfield>
      </datafield>
      <datafield tag="655" ind1=" " ind2="7">
         <subfield code="a">History.</subfield>
         <subfield code="2">fast</subfield>
         <subfield code="0">(OCoLC)fst01411628</subfield>
      </datafield>
      <datafield tag="700" ind1="1" ind2=" ">
         <subfield code="6">880-12</subfield>
         <subfield code="a">Kang, Shirong.</subfield>
      </datafield>
      <datafield tag="700" ind1="1" ind2=" ">
         <subfield code="6">880-13</subfield>
         <subfield code="a">Nan, Xuanzi.</subfield>
      </datafield>
      <datafield tag="710" ind1="2" ind2=" ">
         <subfield code="6">880-14</subfield>
         <subfield code="a">Li Xian Qin xi chui wen hua yan jiu hui.</subfield>
      </datafield>
      <datafield tag="710" ind1="2" ind2=" ">
         <subfield code="6">880-15</subfield>
         <subfield code="a">Li Xian bo wu guan.</subfield>
      </datafield>
      <datafield tag="776" ind1="0" ind2="8">
         <subfield code="i">Online version:</subfield>
         <subfield code="t">Qin xi chui wen hua lun ji.</subfield>
         <subfield code="b">Di 1 ban.</subfield>
         <subfield code="d">Beijing : Wen wu chu ban she, 2005</subfield>
         <subfield code="w">(OCoLC)655739034</subfield>
      </datafield>
      <datafield tag="880" ind1="0" ind2="0">
         <subfield code="6">245-01/</subfield>
         <subfield code="a">秦西垂文化论集 /</subfield>
         <subfield code="c">主编康世荣 ; 副主编南玄子.</subfield>
      </datafield>
      <datafield tag="880" ind1=" " ind2=" ">
         <subfield code="6">250-02/</subfield>
         <subfield code="a">第1版.</subfield>
      </datafield>
      <datafield tag="880" ind1=" " ind2=" ">
         <subfield code="6">260-03/</subfield>
         <subfield code="a">北京 :</subfield>
         <subfield code="b">文物出版社,</subfield>
         <subfield code="c">2005.</subfield>
      </datafield>
      <datafield tag="880" ind1=" " ind2=" ">
         <subfield code="6">500-04/</subfield>
         <subfield code="a">"礼县秦西垂文化研究会,礼县博物馆"--Cover.</subfield>
      </datafield>
      <datafield tag="880" ind1=" " ind2=" ">
         <subfield code="6">520-05/</subfield>
         <subfield code="a">本书编选了有关西垂陵园大型墓葬发现, 发掘情况的文章和关于早期秦文化的文献资料和研究论文, 该书第一部分为历史文献, 第二部分为今人论文, 按族源争鸣, 西垂发祥, 都陵研究, 器铭考释, 发掘纪实五类排列.</subfield>
      </datafield>
      <datafield tag="880" ind1="0" ind2="0">
         <subfield code="6">505-06/</subfield>
         <subfield code="t">前言 /</subfield>
         <subfield code="r">任登宏 --</subfield>
         <subfield code="t">尚书 ・尧典(摘) --</subfield>
         <subfield code="t">史记 ・秦本纪(摘) --</subfield>
         <subfield code="t">竹书纪年(摘) --</subfield>
         <subfield code="t">水经注 ・漾水(摘) --</subfield>
         <subfield code="t">读史方舆纪要(摘) --</subfield>
         <subfield code="t">秦会要订补 ・都邑(摘) --</subfield>
         <subfield code="t">秦都邑考 /</subfield>
         <subfield code="r">王国维 --</subfield>
         <subfield code="t">周秦少数民族研究(摘) /</subfield>
         <subfield code="r">蒙文通 --</subfield>
         <subfield code="t">赵秦楚民族的来源 /</subfield>
         <subfield code="r">卫聚贤 --</subfield>
         <subfield code="t">赢秦为东方民族考 /</subfield>
         <subfield code="r">黄文弼 --</subfield>
         <subfield code="t">秦族考 /</subfield>
         <subfield code="r">陈秀云 --</subfield>
         <subfield code="t">秦族的渊源与秦代封建专制主义国家的创立 /</subfield>
         <subfield code="r">翦伯赞 --</subfield>
         <subfield code="t">秦人早期历史探索 /</subfield>
         <subfield code="r">林剑呜 --</subfield>
         <subfield code="t">秦人早期历史的两个问题 /</subfield>
         <subfield code="r">熊铁基 --</subfield>
         <subfield code="t">秦人早期史迹初探 /</subfield>
         <subfield code="r">黄灼耀 读 --</subfield>
         <subfield code="t">《秦本纪》札记 /</subfield>
         <subfield code="r">伍仕谦 --</subfield>
         <subfield code="t">赢秦人起源于东方和西迁情况初探 /</subfield>
         <subfield code="r">何汉文 --</subfield>
         <subfield code="t">周公东征和赢姓西迁 /</subfield>
         <subfield code="r">林剑呜 --</subfield>
         <subfield code="t">关于夷族的西迁和秦赢的起源地、族属问题 /</subfield>
         <subfield code="r">段连勤 --</subfield>
         <subfield code="t">秦人族源刍议 /</subfield>
         <subfield code="r">高福洪 --</subfield>
         <subfield code="t">试论秦之渊源 /</subfield>
         <subfield code="r">刘庆柱 --</subfield>
         <subfield code="t">赢姓诸国的源流与分布 /</subfield>
         <subfield code="r">何光岳</subfield>
      </datafield>
      <datafield tag="880" ind1="0" ind2="0">
         <subfield code="6">505-07/</subfield>
         <subfield code="t">关于秦人族属及文化渊源管见 /</subfield>
         <subfield code="r">韩伟 --</subfield>
         <subfield code="t">秦人发祥地刍论 /</subfield>
         <subfield code="r">严宾 --</subfield>
         <subfield code="t">寻找秦文化渊源的新线索 /</subfield>
         <subfield code="r">赵化成 --</subfield>
         <subfield code="t">秦赵同源新证 /</subfield>
         <subfield code="r">林剑鸣 --</subfield>
         <subfield code="t">秦人起源范县说 /</subfield>
         <subfield code="r">李江浙 --</subfield>
         <subfield code="t">秦文化渊源初探 /</subfield>
         <subfield code="r">常青 --</subfield>
         <subfield code="t">早期赢秦西迁史迹的考察 /</subfield>
         <subfield code="r">尚志儒 --</subfield>
         <subfield code="t">赢秦族西迁考 /</subfield>
         <subfield code="r">何清谷 --</subfield>
         <subfield code="t">秦人的族源及迁徙路线 /</subfield>
         <subfield code="r">王玉哲 --</subfield>
         <subfield code="t">简论西方赢姓国的由来 /</subfield>
         <subfield code="r">杨东晨 杨建国 --</subfield>
         <subfield code="t">周代东夷赢姓族的西迁和赢姓国的业迹 /</subfield>
         <subfield code="r">杨东晨 --</subfield>
         <subfield code="t">赢秦族西迁对秦文化形成的作用 /</subfield>
         <subfield code="r">汪勃, 尹夏清 --</subfield>
         <subfield code="t">关于秦人族源和秦文化渊源的几点认识 /</subfield>
         <subfield code="r">汪勃, 尹夏清 --</subfield>
         <subfield code="t">赢秦西迁问题新探 /</subfield>
         <subfield code="r">郭向东 --</subfield>
         <subfield code="t">秦文化二源说 /</subfield>
         <subfield code="r">黄留珠 --</subfield>
         <subfield code="t">秦文化渊源与秦人起源探索 /</subfield>
         <subfield code="r">牛世山 --</subfield>
         <subfield code="t">阳鸟崇拜与“西”邑的历史地位 /</subfield>
         <subfield code="r">祝中熹 --</subfield>
         <subfield code="t">《山海经》与秦人早期历史探索 /</subfield>
         <subfield code="r">田静, 史党社 --</subfield>
         <subfield code="t">秦人早期历史的几个地理问题: 以钱穆说为中心 /</subfield>
         <subfield code="r">史党社 --</subfield>
         <subfield code="t">秦人早期历史的相关问题 /</subfield>
         <subfield code="r">史党社</subfield>
      </datafield>
      <datafield tag="880" ind1="0" ind2="0">
         <subfield code="6">505-08/</subfield>
         <subfield code="t">国君纪事(节选) /</subfield>
         <subfield code="r">马非百 --</subfield>
         <subfield code="t">秦国发祥地 /</subfield>
         <subfield code="r">李学勤 --</subfield>
         <subfield code="t">秦陇文化的地域特色与历史地位 /</subfield>
         <subfield code="r">葛承雍 --</subfield>
         <subfield code="t">秦建国前活动考察 /</subfield>
         <subfield code="r">徐日辉 --</subfield>
         <subfield code="t">秦建国前活动考察(续) /</subfield>
         <subfield code="r">徐日辉 --</subfield>
         <subfield code="t">对秦赢“西垂”及相关问题的考察 /</subfield>
         <subfield code="r">徐日辉 --</subfield>
         <subfield code="t">论天水秦文化的形成及其特点 /</subfield>
         <subfield code="r">雍际春 --</subfield>
         <subfield code="t">礼县等地所见早期秦文化遗存有关问题刍论 /</subfield>
         <subfield code="r">张天恩 --</subfield>
         <subfield code="t">甘肃东部秦早期文化的新认识 /</subfield>
         <subfield code="r">徐日辉 --</subfield>
         <subfield code="t">秦西垂文化的有关问题 /</subfield>
         <subfield code="r">康世荣 --</subfield>
         <subfield code="t">祁山稽古 /</subfield>
         <subfield code="r">康世荣 --</subfield>
         <subfield code="t">都邑表 /</subfield>
         <subfield code="r">马非百 --</subfield>
         <subfield code="t">陵墓志 /</subfield>
         <subfield code="r">马非百 --</subfield>
         <subfield code="t">《史记》中所见秦早期都邑葬地 /</subfield>
         <subfield code="r">李零 --</subfield>
         <subfield code="t">秦都邑西垂故址探源 /</subfield>
         <subfield code="r">康世荣 --</subfield>
         <subfield code="t">电谈秦早期都邑犬丘 /</subfield>
         <subfield code="r">王世平 --</subfield>
         <subfield code="t">趺甘肃礼县大堡子山秦公墓地及文物 /</subfield>
         <subfield code="r">陈昭容 --</subfield>
         <subfield code="t">浅谈礼县大堡子山秦公墓地及其铜器 /</subfield>
         <subfield code="r">王辉 --</subfield>
         <subfield code="t">浅谈礼县秦公墓地遗存与相关问题 /</subfield>
         <subfield code="r">陈平 --</subfield>
         <subfield code="t">天水附近秦都城考论 /</subfield>
         <subfield code="r">徐卫民 --</subfield>
         <subfield code="t">秦公帝王陵四大陵区及其形成原因 /</subfield>
         <subfield code="r">徐卫</subfield>
      </datafield>
      <datafield tag="880" ind1="0" ind2="0">
         <subfield code="6">505-09/</subfield>
         <subfield code="t">秦人早期都邑西垂考 /</subfield>
         <subfield code="r">雍际春 --</subfield>
         <subfield code="t">秦族源及早期都邑、葬地歧说集举 /</subfield>
         <subfield code="r">刘明科 --</subfield>
         <subfield code="t">再论西垂地望: 兼答雍际春先生 /</subfield>
         <subfield code="r">祝中熹 --</subfield>
         <subfield code="t">试论秦先公西垂陵区的发现 /</subfield>
         <subfield code="r">祝中熹 --</subfield>
         <subfield code="t">西垂西畴考 /</subfield>
         <subfield code="r">陈泽 --</subfield>
         <subfield code="t">秦九都八迁的路线问题 /</subfield>
         <subfield code="r">李自智 --</subfield>
         <subfield code="t">秦都城研究的现状及前瞻 /</subfield>
         <subfield code="r">秦汉 --</subfield>
         <subfield code="t">礼县大堡子山秦陵墓主再探 /</subfield>
         <subfield code="r">祝中熹 --</subfield>
         <subfield code="t">试说秦西山陵区的相关问题 /</subfield>
         <subfield code="r">张天恩 --</subfield>
         <subfield code="t">秦公敦跋 /</subfield>
         <subfield code="r">王国维 --</subfield>
         <subfield code="t">秦公彀韵读 /</subfield>
         <subfield code="r">郭沫若 --</subfield>
         <subfield code="t">石鼓为秦文公时物考 /</subfield>
         <subfield code="r">马叙伦 --</subfield>
         <subfield code="t">秦公骰跋 /</subfield>
         <subfield code="r">商承祚 --</subfield>
         <subfield code="t">天水出土秦器汇考序 /</subfield>
         <subfield code="r">胡受谦 --</subfield>
         <subfield code="t">秦公骰器铭考释 /</subfield>
         <subfield code="r">冯国瑞 --</subfield>
         <subfield code="t">秦公钟器铭考释 /</subfield>
         <subfield code="r">冯国瑞 --</subfield>
         <subfield code="t">秦车棺图说 /</subfield>
         <subfield code="r">冯国瑞 --</subfield>
         <subfield code="t">十有二公后之秦公说 /</subfield>
         <subfield code="r">刘文炳 --</subfield>
         <subfield code="t">秦公段及秦盈和钟两铭为韵文说 /</subfield>
         <subfield code="r">刘文炳 --</subfield>
         <subfield code="t">与冯仲翔论秦公段书 /</subfield>
         <subfield code="r">刘文炳 --</subfield>
         <subfield code="t">秦公簋年代的再推定 /</subfield>
         <subfield code="r">李学勤</subfield>
      </datafield>
      <datafield tag="880" ind1="0" ind2="0">
         <subfield code="6">505-10/</subfield>
         <subfield code="t">秦公簋的时代问题 /</subfield>
         <subfield code="r">陈昭容 --</subfield>
         <subfield code="t">论甘肃礼县铜钹 /</subfield>
         <subfield code="r">李学勤 --</subfield>
         <subfield code="t">最新出现的秦公壶 /</subfield>
         <subfield code="r">李学勤 艾兰 --</subfield>
         <subfield code="t">论甘肃礼县出土的秦金箔饰片 /</subfield>
         <subfield code="r">韩伟 --</subfield>
         <subfield code="t">谈新出秦公壶的时代 /</subfield>
         <subfield code="r">陈昭容 --</subfield>
         <subfield code="t">秦公壶应为东周初期器 /</subfield>
         <subfield code="r">白光琦 --</subfield>
         <subfield code="t">秦公簋与西县 /</subfield>
         <subfield code="r">赵文汇 --</subfield>
         <subfield code="t">上海博物馆新获秦公器研究 /</subfield>
         <subfield code="r">李朝远 --</subfield>
         <subfield code="t">上海博物馆新藏秦器研究 /</subfield>
         <subfield code="r">李朝远 --</subfield>
         <subfield code="t">伦敦新见秦公壶 /</subfield>
         <subfield code="r">李朝远 --</subfield>
         <subfield code="t">简论先秦祭器“录宗彝”及其产生背景 /</subfield>
         <subfield code="r">贾利民 --</subfield>
         <subfield code="t">秦公簋铭文考释与器主及作器时代的推定 /</subfield>
         <subfield code="r">陈泽 --</subfield>
         <subfield code="t">“秦子”新释 /</subfield>
         <subfield code="r">李学勤 --</subfield>
         <subfield code="t">礼县大堡子山秦公墓地及有关问题 /</subfield>
         <subfield code="r">戴春阳 --</subfield>
         <subfield code="t">礼县大堡子山秦国墓地发掘散记 /</subfield>
         <subfield code="r">戴春阳.</subfield>
      </datafield>
      <datafield tag="880" ind1=" " ind2="4">
         <subfield code="6">651-11/</subfield>
         <subfield code="a">礼县 (Gansu Sheng, China)</subfield>
         <subfield code="x">Antiquities.</subfield>
      </datafield>
      <datafield tag="880" ind1="1" ind2=" ">
         <subfield code="6">700-12/</subfield>
         <subfield code="a">康世荣.</subfield>
      </datafield>
      <datafield tag="880" ind1="1" ind2=" ">
         <subfield code="6">700-13/</subfield>
         <subfield code="a">南玄子.</subfield>
      </datafield>
      <datafield tag="880" ind1="2" ind2=" ">
         <subfield code="6">710-14/</subfield>
         <subfield code="a">礼县秦西垂文化研究会.</subfield>
      </datafield>
      <datafield tag="880" ind1="2" ind2=" ">
         <subfield code="6">710-15/</subfield>
         <subfield code="a">礼县博物馆.</subfield>
      </datafield>
      <datafield tag="994" ind1=" " ind2=" ">
         <subfield code="a">Z0</subfield>
         <subfield code="b">ZYU</subfield>
      </datafield>
      <datafield tag="OWN" ind1=" " ind2=" ">
         <subfield code="a">GENERAL</subfield>
      </datafield>
      <datafield tag="AVA" ind1=" " ind2=" ">
         <subfield code="a">NYU50</subfield>
         <subfield code="b">NISAW</subfield>
         <subfield code="c">Large Collection</subfield>
         <subfield code="d">DS747.5 .Q565 2005</subfield>
         <subfield code="e">available</subfield>
         <subfield code="t">Available</subfield>
         <subfield code="f">1</subfield>
         <subfield code="g">0</subfield>
         <subfield code="h">N</subfield>
         <subfield code="i">0</subfield>
         <subfield code="j">LARGE</subfield>
         <subfield code="k">0</subfield>
      </datafield>
      <marc:datafield tag="852" ind1=" " ind2=" ">
         <marc:subfield code="b">Institute for the Study of the Ancient World, </marc:subfield>
         <marc:subfield code="c">Large Collection</marc:subfield>
         <marc:subfield code="e">15 East 84th St., </marc:subfield>
         <marc:subfield code="e">New York, NY  10028</marc:subfield>
      </marc:datafield>
   </record>