
  
  
  
  
  
 
  
  <record xsi:schemaLocation="http://www.loc.gov/MARC21/slim http://www.loc.gov/standards/marcxml/schema/MARC21slim.xsd">
      <leader>00000cam  2200901 i 4500</leader>
      <controlfield tag="FMT">BK</controlfield>
      <controlfield tag="LDR">00000cam  2200901 i 4500</controlfield>
      <controlfield tag="001">004074322</controlfield>
      <controlfield tag="003">OCoLC</controlfield>
      <controlfield tag="005">20141201100533.0</controlfield>
      <controlfield tag="008">141201s2012    gw ab    bc   000 0 eng</controlfield>
      <datafield tag="010" ind1=" " ind2=" ">
         <subfield code="a">2012536539</subfield>
      </datafield>
      <datafield tag="016" ind1="7" ind2=" ">
         <subfield code="a">016459238</subfield>
         <subfield code="2">Uk</subfield>
      </datafield>
      <datafield tag="020" ind1=" " ind2=" ">
         <subfield code="a">9783934106918 (hardbound : alk. paper)</subfield>
      </datafield>
      <datafield tag="020" ind1=" " ind2=" ">
         <subfield code="a">3934106919 (hardbound : alk. paper)</subfield>
      </datafield>
      <datafield tag="035" ind1=" " ind2=" ">
         <subfield code="a">(OCoLC)812253544</subfield>
      </datafield>
      <datafield tag="040" ind1=" " ind2=" ">
         <subfield code="a">DLC</subfield>
         <subfield code="b">eng</subfield>
         <subfield code="e">rda</subfield>
         <subfield code="c">DLC</subfield>
         <subfield code="d">BTCTA</subfield>
         <subfield code="d">OHX</subfield>
         <subfield code="d">YUS</subfield>
         <subfield code="d">YDXCP</subfield>
         <subfield code="d">WAU</subfield>
         <subfield code="d">ZCU</subfield>
         <subfield code="d">UKMGB</subfield>
         <subfield code="d">NLGGC</subfield>
         <subfield code="d">OCLCF</subfield>
         <subfield code="d">GZM</subfield>
         <subfield code="d">CHVBK</subfield>
         <subfield code="d">NNU</subfield>
      </datafield>
      <datafield tag="041" ind1="0" ind2=" ">
         <subfield code="a">eng</subfield>
         <subfield code="a">fre</subfield>
      </datafield>
      <datafield tag="042" ind1=" " ind2=" ">
         <subfield code="a">pcc</subfield>
      </datafield>
      <datafield tag="043" ind1=" " ind2=" ">
         <subfield code="a">a-ii---</subfield>
         <subfield code="a">a-ye---</subfield>
         <subfield code="a">i------</subfield>
      </datafield>
      <datafield tag="050" ind1="0" ind2="0">
         <subfield code="a">DS247.7.S63</subfield>
         <subfield code="b">F67 2012</subfield>
      </datafield>
      <datafield tag="072" ind1=" " ind2="7">
         <subfield code="a">CN</subfield>
         <subfield code="2">lcco</subfield>
      </datafield>
      <datafield tag="072" ind1=" " ind2="7">
         <subfield code="a">HF</subfield>
         <subfield code="2">lcco</subfield>
      </datafield>
      <datafield tag="245" ind1="0" ind2="0">
         <subfield code="a">Foreign sailors on Socotra :</subfield>
         <subfield code="b">the inscriptions and drawings from the cave Hoq /</subfield>
         <subfield code="c">herausgegeben von Ingo Strauch.</subfield>
      </datafield>
      <datafield tag="264" ind1=" " ind2="1">
         <subfield code="a">Bremen :</subfield>
         <subfield code="b">Hempen Verlag,</subfield>
         <subfield code="c">2012.</subfield>
      </datafield>
      <datafield tag="300" ind1=" " ind2=" ">
         <subfield code="a">589 pages :</subfield>
         <subfield code="b">illustrations (some color), maps ;</subfield>
         <subfield code="c">25 cm.</subfield>
      </datafield>
      <datafield tag="336" ind1=" " ind2=" ">
         <subfield code="a">text</subfield>
         <subfield code="b">txt</subfield>
         <subfield code="2">rdacontent</subfield>
      </datafield>
      <datafield tag="337" ind1=" " ind2=" ">
         <subfield code="a">unmediated</subfield>
         <subfield code="b">n</subfield>
         <subfield code="2">rdamedia</subfield>
      </datafield>
      <datafield tag="338" ind1=" " ind2=" ">
         <subfield code="a">volume</subfield>
         <subfield code="b">nc</subfield>
         <subfield code="2">rdacarrier</subfield>
      </datafield>
      <datafield tag="490" ind1="1" ind2=" ">
         <subfield code="a">Vergleichende Studien zu Antike und Orient ;</subfield>
         <subfield code="v">Band 3</subfield>
      </datafield>
      <datafield tag="546" ind1=" " ind2=" ">
         <subfield code="a">In English, with a few contributions in French.</subfield>
      </datafield>
      <datafield tag="504" ind1=" " ind2=" ">
         <subfield code="a">Includes bibliographical references (pages 545-580).</subfield>
      </datafield>
      <datafield tag="505" ind1="2" ind2="0">
         <subfield code="g">Part 1.</subfield>
         <subfield code="t">The cave Hoq : materials.</subfield>
         <subfield code="g">Part 2.</subfield>
         <subfield code="t">The inscriptions from Hoq : texts and contexts.</subfield>
         <subfield code="t">India and Socotra /</subfield>
         <subfield code="r">Strauch, Ingo --</subfield>
         <subfield code="t">South Arabia, Ethiopia and Socotra /</subfield>
         <subfield code="r">Robin, Christian Julien --</subfield>
         <subfield code="t">Palmyra and Socotra /</subfield>
         <subfield code="r">Gorea, Maria --</subfield>
         <subfield code="t">The Mediterranean world and Socotra /</subfield>
         <subfield code="r">Bukharin, Mikhail D..</subfield>
      </datafield>
      <datafield tag="651" ind1=" " ind2="0">
         <subfield code="a">Socotra (Yemen)</subfield>
         <subfield code="x">Antiquities.</subfield>
      </datafield>
      <datafield tag="651" ind1=" " ind2="0">
         <subfield code="a">Indian Ocean</subfield>
         <subfield code="x">Antiquities.</subfield>
      </datafield>
      <datafield tag="650" ind1=" " ind2="0">
         <subfield code="a">Speleology</subfield>
         <subfield code="z">Yemen (Republic)</subfield>
         <subfield code="z">Socotra.</subfield>
      </datafield>
      <datafield tag="650" ind1=" " ind2="0">
         <subfield code="a">Sailors</subfield>
         <subfield code="z">Yemen (Republic)</subfield>
         <subfield code="z">Socotra.</subfield>
      </datafield>
      <datafield tag="650" ind1=" " ind2="0">
         <subfield code="a">Caves</subfield>
         <subfield code="z">Yemen (Republic)</subfield>
         <subfield code="z">Socotra.</subfield>
      </datafield>
      <datafield tag="650" ind1=" " ind2="0">
         <subfield code="a">Karst</subfield>
         <subfield code="z">Yemen (Republic)</subfield>
         <subfield code="z">Socotra.</subfield>
      </datafield>
      <datafield tag="650" ind1=" " ind2="0">
         <subfield code="a">Inscriptions, Brahmi</subfield>
         <subfield code="z">Yemen (Republic)</subfield>
         <subfield code="z">Socotra.</subfield>
      </datafield>
      <datafield tag="650" ind1=" " ind2="0">
         <subfield code="a">Mural painting and decoration, Indic</subfield>
         <subfield code="z">Yemen (Republic)</subfield>
         <subfield code="z">Socotra.</subfield>
      </datafield>
      <datafield tag="650" ind1=" " ind2="0">
         <subfield code="a">Inscriptions, Indic</subfield>
         <subfield code="z">Yemen (Republic)</subfield>
         <subfield code="z">Socotra.</subfield>
      </datafield>
      <datafield tag="650" ind1=" " ind2="0">
         <subfield code="a">Inscriptions</subfield>
         <subfield code="z">Yemen (Republic)</subfield>
         <subfield code="z">Socotra</subfield>
         <subfield code="v">Catalogs.</subfield>
      </datafield>
      <datafield tag="650" ind1=" " ind2="0">
         <subfield code="a">Cave paintings</subfield>
         <subfield code="z">Yemen (Republic)</subfield>
         <subfield code="z">Socotra</subfield>
         <subfield code="v">Catalogs.</subfield>
      </datafield>
      <datafield tag="651" ind1=" " ind2="7">
         <subfield code="a">Jemen.</subfield>
         <subfield code="2">gtt</subfield>
      </datafield>
      <datafield tag="651" ind1=" " ind2="7">
         <subfield code="a">India.</subfield>
         <subfield code="2">gtt</subfield>
      </datafield>
      <datafield tag="650" ind1=" " ind2="7">
         <subfield code="a">Antiquities.</subfield>
         <subfield code="2">fast</subfield>
         <subfield code="0">(OCoLC)fst00810745</subfield>
      </datafield>
      <datafield tag="650" ind1=" " ind2="7">
         <subfield code="a">Cave paintings.</subfield>
         <subfield code="2">fast</subfield>
         <subfield code="0">(OCoLC)fst00849893</subfield>
      </datafield>
      <datafield tag="650" ind1=" " ind2="7">
         <subfield code="a">Caves.</subfield>
         <subfield code="2">fast</subfield>
         <subfield code="0">(OCoLC)fst00849907</subfield>
      </datafield>
      <datafield tag="650" ind1=" " ind2="7">
         <subfield code="a">Inscriptions.</subfield>
         <subfield code="2">fast</subfield>
         <subfield code="0">(OCoLC)fst00973837</subfield>
      </datafield>
      <datafield tag="650" ind1=" " ind2="7">
         <subfield code="a">Inscriptions, Brahmi.</subfield>
         <subfield code="2">fast</subfield>
         <subfield code="0">(OCoLC)fst01764378</subfield>
      </datafield>
      <datafield tag="650" ind1=" " ind2="7">
         <subfield code="a">Inscriptions, Indic.</subfield>
         <subfield code="2">fast</subfield>
         <subfield code="0">(OCoLC)fst00973888</subfield>
      </datafield>
      <datafield tag="650" ind1=" " ind2="7">
         <subfield code="a">Karst.</subfield>
         <subfield code="2">fast</subfield>
         <subfield code="0">(OCoLC)fst00986353</subfield>
      </datafield>
      <datafield tag="650" ind1=" " ind2="7">
         <subfield code="a">Mural painting and decoration, Indic.</subfield>
         <subfield code="2">fast</subfield>
         <subfield code="0">(OCoLC)fst01029669</subfield>
      </datafield>
      <datafield tag="650" ind1=" " ind2="7">
         <subfield code="a">Speleology.</subfield>
         <subfield code="2">fast</subfield>
         <subfield code="0">(OCoLC)fst01129489</subfield>
      </datafield>
      <datafield tag="651" ind1=" " ind2="7">
         <subfield code="a">Indian Ocean.</subfield>
         <subfield code="2">fast</subfield>
         <subfield code="0">(OCoLC)fst01243379</subfield>
      </datafield>
      <datafield tag="651" ind1=" " ind2="7">
         <subfield code="a">Yemen (Republic)</subfield>
         <subfield code="z">Socotra.</subfield>
         <subfield code="2">fast</subfield>
         <subfield code="0">(OCoLC)fst01244144</subfield>
      </datafield>
      <datafield tag="650" ind1=" " ind2="7">
         <subfield code="a">Inschrift.</subfield>
         <subfield code="0">(DE-588)4027107-9</subfield>
         <subfield code="2">gnd</subfield>
      </datafield>
      <datafield tag="650" ind1=" " ind2="7">
         <subfield code="a">Sanskrit.</subfield>
         <subfield code="0">(DE-588)4051642-8</subfield>
         <subfield code="2">gnd</subfield>
      </datafield>
      <datafield tag="650" ind1=" " ind2="7">
         <subfield code="a">Arabisch.</subfield>
         <subfield code="0">(DE-588)4241223-7</subfield>
         <subfield code="2">gnd</subfield>
      </datafield>
      <datafield tag="650" ind1=" " ind2="7">
         <subfield code="a">Griechisch.</subfield>
         <subfield code="0">(DE-588)4113791-7</subfield>
         <subfield code="2">gnd</subfield>
      </datafield>
      <datafield tag="650" ind1=" " ind2="7">
         <subfield code="a">Äthiosemitische Sprachen.</subfield>
         <subfield code="0">(DE-588)4133282-9</subfield>
         <subfield code="2">gnd</subfield>
      </datafield>
      <datafield tag="650" ind1=" " ind2="7">
         <subfield code="a">Palmyrisch.</subfield>
         <subfield code="0">(DE-588)4136820-4</subfield>
         <subfield code="2">gnd</subfield>
      </datafield>
      <datafield tag="651" ind1=" " ind2="7">
         <subfield code="a">Sokotra.</subfield>
         <subfield code="0">(DE-588)4320487-9</subfield>
         <subfield code="2">gnd</subfield>
      </datafield>
      <datafield tag="655" ind1=" " ind2="7">
         <subfield code="a">Catalogs.</subfield>
         <subfield code="2">fast</subfield>
         <subfield code="0">(OCoLC)fst01423692</subfield>
      </datafield>
      <datafield tag="700" ind1="1" ind2=" ">
         <subfield code="a">Strauch, Ingo</subfield>
         <subfield code="e">editor.</subfield>
      </datafield>
      <datafield tag="830" ind1=" " ind2="0">
         <subfield code="a">Vergleichende Studien zu Antike und Orient ;</subfield>
         <subfield code="v">Bd. 3.</subfield>
      </datafield>
      <datafield tag="994" ind1=" " ind2=" ">
         <subfield code="a">Z0</subfield>
         <subfield code="b">ZYU</subfield>
      </datafield>
      <datafield tag="OWN" ind1=" " ind2=" ">
         <subfield code="a">GENERAL</subfield>
      </datafield>
      <datafield tag="AVA" ind1=" " ind2=" ">
         <subfield code="a">NYU50</subfield>
         <subfield code="b">NISAW</subfield>
         <subfield code="c">Small Collection</subfield>
         <subfield code="d">DS247.7.S63 F67 2012</subfield>
         <subfield code="e">available</subfield>
         <subfield code="t">Available</subfield>
         <subfield code="f">1</subfield>
         <subfield code="g">0</subfield>
         <subfield code="h">N</subfield>
         <subfield code="i">0</subfield>
         <subfield code="j">SMALL</subfield>
         <subfield code="k">0</subfield>
      </datafield>
      <marc:datafield tag="852" ind1=" " ind2=" ">
         <marc:subfield code="b">Institute for the Study of the Ancient World, </marc:subfield>
         <marc:subfield code="c">Small Collection</marc:subfield>
         <marc:subfield code="e">15 East 84th St., </marc:subfield>
         <marc:subfield code="e">New York, NY  10028</marc:subfield>
      </marc:datafield>
   </record>