
  
  
  
  
  
 
  
  <record xsi:schemaLocation="http://www.loc.gov/MARC21/slim http://www.loc.gov/standards/marcxml/schema/MARC21slim.xsd">
      <leader>00000cam  22003975a 4500</leader>
      <controlfield tag="FMT">BK</controlfield>
      <controlfield tag="LDR">00000cam  22003975a 4500</controlfield>
      <controlfield tag="001">004074327</controlfield>
      <controlfield tag="003">OCoLC</controlfield>
      <controlfield tag="005">20141201123425.0</controlfield>
      <controlfield tag="008">141201s1982    cc af    b    000 0 chi d</controlfield>
      <datafield tag="035" ind1=" " ind2=" ">
         <subfield code="a">(OCoLC)502058241</subfield>
      </datafield>
      <datafield tag="040" ind1=" " ind2=" ">
         <subfield code="a">MiU-A</subfield>
         <subfield code="c">ZCU</subfield>
         <subfield code="d">OCLCF</subfield>
         <subfield code="d">OCLCO</subfield>
         <subfield code="d">ZYU</subfield>
         <subfield code="d">NNU</subfield>
      </datafield>
      <datafield tag="043" ind1=" " ind2=" ">
         <subfield code="a">a-cc---</subfield>
      </datafield>
      <datafield tag="050" ind1="1" ind2="4">
         <subfield code="a">NK4565</subfield>
         <subfield code="b">.C95 1982</subfield>
      </datafield>
      <datafield tag="066" ind1=" " ind2=" ">
         <subfield code="c">$1</subfield>
      </datafield>
      <datafield tag="111" ind1="2" ind2=" ">
         <subfield code="a">International Conference on Ancient Chinese Pottery and Porcelain</subfield>
         <subfield code="n">(1st</subfield>
         <subfield code="d">1982 :</subfield>
         <subfield code="c">Shanghai, China)</subfield>
      </datafield>
      <datafield tag="245" ind1="1" ind2="0">
         <subfield code="6">880-01</subfield>
         <subfield code="a">Zhongguo gu tao ci lun wen ji /</subfield>
         <subfield code="c">Zhongguo gui suan ye xue hui bian.</subfield>
      </datafield>
      <datafield tag="250" ind1=" " ind2=" ">
         <subfield code="6">880-02</subfield>
         <subfield code="a">Di 1 ban.</subfield>
      </datafield>
      <datafield tag="260" ind1=" " ind2=" ">
         <subfield code="6">880-03</subfield>
         <subfield code="a">Beijing :</subfield>
         <subfield code="b">Wen wu chu ban she :</subfield>
         <subfield code="b">Xin hua shu dian Beijing fa xing suo fa xing,</subfield>
         <subfield code="c">1982.</subfield>
      </datafield>
      <datafield tag="300" ind1=" " ind2=" ">
         <subfield code="a">2, 2, 321 p., 52 p. of plates :</subfield>
         <subfield code="b">ill. ;</subfield>
         <subfield code="c">27 cm.</subfield>
      </datafield>
      <datafield tag="504" ind1=" " ind2=" ">
         <subfield code="a">Includes bibliographical references.</subfield>
      </datafield>
      <datafield tag="505" ind1="0" ind2="0">
         <subfield code="6">880-04</subfield>
         <subfield code="t">Hemudu yi zhi tao qi de yan jiu /</subfield>
         <subfield code="r">Li Jiazhi, Chen Xianqiu, Deng Zequn, Gu Zujun --</subfield>
         <subfield code="t">Zhongguo li dai nan bei fang qing ci de yan jiu /</subfield>
         <subfield code="r">Guo Yanyi, Wang Shouying, Chen Yaocheng --</subfield>
         <subfield code="t">Zhongguo li dai di wen si you he you shang cai de yan jiu /</subfield>
         <subfield code="r">Zhang Fukang, Zhang Zhikang --</subfield>
         <subfield code="t">Li dai qing hua ci qi he qing hua se liao de yan jiu /</subfield>
         <subfield code="r">Chen Yaocheng, Guo Yanyi, Zhang Zhigang --</subfield>
         <subfield code="t">Yuan Dadu ga yao xing he qing ci can pian de xian wei jie gou /</subfield>
         <subfield code="r">Chen Xianqiu, Li Jiazhi, Huang Ruifu --</subfield>
         <subfield code="t">Wo guo gu dai hei you ci de chu bu yan jiu /</subfield>
         <subfield code="r">Li Zhida --</subfield>
         <subfield code="t">Ji zhong gu ci you de shou re xing wei /</subfield>
         <subfield code="r">Chen Shiping --</subfield>
         <subfield code="t">Wo guo ci qi chu xian shi qi de yan jiu /</subfield>
         <subfield code="r">Li Jiazhi --</subfield>
         <subfield code="t">Wo guo ci qi qi yuan wen ti de chu bu tan tao /</subfield>
         <subfield code="r">An Jinhuai --</subfield>
         <subfield code="t">Lun ci qi de qi yuan ji tao yu ci de guan xi /</subfield>
         <subfield code="r">Li Huibing --</subfield>
         <subfield code="t">Guan yu wo guo ci qi yuan yuan wen ti de tan tao /</subfield>
         <subfield code="r">Song Boyin --</subfield>
         <subfield code="t">Dui yu ci qi qi yuan wen ti de guan jian /</subfield>
         <subfield code="r">Shui Jisheng --</subfield>
         <subfield code="t">Guan yu wo guo tao qi xiang qing ci fa zhan de gong yi tan tao /</subfield>
         <subfield code="r">Ye Hongming, Cao Heming, Cheng Zhuhai</subfield>
      </datafield>
      <datafield tag="505" ind1="0" ind2="0">
         <subfield code="6">880-05</subfield>
         <subfield code="t">Guan yu wo guo zao qi nan fang qing ci de fa zhan we nti /</subfield>
         <subfield code="r">Jiang Zanchu, Li Weiran --</subfield>
         <subfield code="t">Yao lu de gai jin he wo guo go tao ci fa zhan de guan xi /</subfield>
         <subfield code="r">Liu Zhenqun --</subfield>
         <subfield code="t">Shi lun wo guo gu dai de man tou yao /</subfield>
         <subfield code="r">Liu Kedong --</subfield>
         <subfield code="t">Yao Zhou qing ci de yan jiu /</subfield>
         <subfield code="r">Li Guozhen, Guan Peiying --</subfield>
         <subfield code="t">Zong lun wo guo Song Yuan shi qi de "Qing bai ci" /</subfield>
         <subfield code="r">Feng Xianming --</subfield>
         <subfield code="t">Lü tan wo guo gu dai tao ci zhang shi gong yi /</subfield>
         <subfield code="r">Deng Bai --</subfield>
         <subfield code="t">Qin yong tao ci su zhi gong yi de tan tao /</subfield>
         <subfield code="r">Zeng Fan --</subfield>
         <subfield code="t">Wo guo Huang He liu yu xin shi qi shi dai he Yin Zhou shi dai zhi tao gong yi de ke xue zong jie /</subfield>
         <subfield code="r">Zhou Ren, Zhang Fukang, Zheng Yongpu --</subfield>
         <subfield code="t">Zhongguo li dai ming yao tao ci gong yi de chu bu ke xue zong jie /</subfield>
         <subfield code="r">Zhou Ren, Li Jiazhi --</subfield>
         <subfield code="t">Jingde Zhen zhi ci yuan liao de yan jiu /</subfield>
         <subfield code="r">Zhou Ren, Guo Yanyi, Li Jiazhi.</subfield>
      </datafield>
      <datafield tag="650" ind1=" " ind2="0">
         <subfield code="a">Porcelain</subfield>
         <subfield code="z">China</subfield>
         <subfield code="x">History</subfield>
         <subfield code="v">Congresses.</subfield>
      </datafield>
      <datafield tag="650" ind1=" " ind2="0">
         <subfield code="a">Pottery</subfield>
         <subfield code="z">China</subfield>
         <subfield code="x">History</subfield>
         <subfield code="v">Congresses.</subfield>
      </datafield>
      <datafield tag="650" ind1=" " ind2="0">
         <subfield code="a">Glazes</subfield>
         <subfield code="x">History</subfield>
         <subfield code="v">Congresses.</subfield>
      </datafield>
      <datafield tag="650" ind1=" " ind2="7">
         <subfield code="a">Glazes.</subfield>
         <subfield code="2">fast</subfield>
         <subfield code="0">(OCoLC)fst00943387</subfield>
      </datafield>
      <datafield tag="650" ind1=" " ind2="7">
         <subfield code="a">Porcelain, Chinese.</subfield>
         <subfield code="2">fast</subfield>
         <subfield code="0">(OCoLC)fst01071734</subfield>
      </datafield>
      <datafield tag="650" ind1=" " ind2="7">
         <subfield code="a">Pottery, Chinese.</subfield>
         <subfield code="2">fast</subfield>
         <subfield code="0">(OCoLC)fst01073695</subfield>
      </datafield>
      <datafield tag="710" ind1="2" ind2=" ">
         <subfield code="6">880-06</subfield>
         <subfield code="a">Zhongguo gui suan yan xue hui.</subfield>
      </datafield>
      <datafield tag="880" ind1="1" ind2="0">
         <subfield code="6">245-01/</subfield>
         <subfield code="a">中国古陶瓷论文集／</subfield>
         <subfield code="c">中国硅酸塩学会编．</subfield>
      </datafield>
      <datafield tag="880" ind1=" " ind2=" ">
         <subfield code="6">250-02/</subfield>
         <subfield code="a">第1版．</subfield>
      </datafield>
      <datafield tag="880" ind1=" " ind2=" ">
         <subfield code="6">260-03/</subfield>
         <subfield code="a">北京：</subfield>
         <subfield code="b">文物出版社：</subfield>
         <subfield code="b">新华书店北京发行所发行，</subfield>
         <subfield code="c">1982.</subfield>
      </datafield>
      <datafield tag="880" ind1="0" ind2="0">
         <subfield code="6">505-04/</subfield>
         <subfield code="t">河姆渡遗址陶器的研究 /</subfield>
         <subfield code="r">李家治, 陈显求, 邓泽群, 谷祖俊 --</subfield>
         <subfield code="t">中国历代南北方青瓷的研究 /</subfield>
         <subfield code="r">郭演仪, 王寿英, 陈尧成 --</subfield>
         <subfield code="t">中国历代低温色釉和釉上彩的研究 /</subfield>
         <subfield code="r">张福康, 张志刚 --</subfield>
         <subfield code="t">历代青花瓷器和青花色料的研究 /</subfield>
         <subfield code="r">陈尧成, 郭演仪, 张志刚 --</subfield>
         <subfield code="t">元大都哥窑型和青瓷残片的显微结构 /</subfield>
         <subfield code="r">陈显求, 李家治, 黄瑞福 --</subfield>
         <subfield code="t">我国古代黑釉瓷的初步研究 /</subfield>
         <subfield code="r">凌志达 --</subfield>
         <subfield code="t">几种古瓷釉的受热行为 /</subfield>
         <subfield code="r">陈士萍 --</subfield>
         <subfield code="t">我国瓷器出现时期的研究 /</subfield>
         <subfield code="r">李家治 --</subfield>
         <subfield code="t">我国瓷器起源问题的初步探讨 /</subfield>
         <subfield code="r">安金槐 --</subfield>
         <subfield code="t">论瓷器的起源及陶与瓷的关系 /</subfield>
         <subfield code="r">李辉炳 --</subfield>
         <subfield code="t">关于我国瓷器渊源问题的探讨 /</subfield>
         <subfield code="r">宋伯胤 --</subfield>
         <subfield code="t">对于瓷器起源问题的管见 /</subfield>
         <subfield code="r">水既生 --</subfield>
         <subfield code="t">关于我国陶器向青瓷发展的工艺探讨 /</subfield>
         <subfield code="r">叶宏明, 曹鹤鸣, 程朱海</subfield>
      </datafield>
      <datafield tag="880" ind1="0" ind2="0">
         <subfield code="6">505-05/</subfield>
         <subfield code="t">关于我国早期南方青瓷的发展问题 /</subfield>
         <subfield code="r">蒋赞初, 李蔚然 --</subfield>
         <subfield code="t">窑炉的改进和我国古陶瓷发展的关系 /</subfield>
         <subfield code="r">刘振群 --</subfield>
         <subfield code="t">试论我国古代的馒头窑 /</subfield>
         <subfield code="r">刘克栋 --</subfield>
         <subfield code="t">耀州青瓷的研究 /</subfield>
         <subfield code="r">李国桢, 关培英 --</subfield>
         <subfield code="t">综论我国宋元时期的"青白瓷" /</subfield>
         <subfield code="r">冯先铭 --</subfield>
         <subfield code="t">略谈我国古代陶瓷装饰工艺 /</subfield>
         <subfield code="r">邓白 --</subfield>
         <subfield code="t">秦俑陶塑制作工艺的探讨 /</subfield>
         <subfield code="r">曾凡 --</subfield>
         <subfield code="t">我国黄河流域新石器时代和殷周时代制陶工艺的科学总结 /</subfield>
         <subfield code="r">周仁, 张福康, 郑永圃 --</subfield>
         <subfield code="t">中国历代名窑陶瓷工艺的初步科学总结 /</subfield>
         <subfield code="r">周仁李家治 --</subfield>
         <subfield code="t">景德镇制瓷原料的研究 /</subfield>
         <subfield code="r">周仁, 郭演仪, 李家治.</subfield>
      </datafield>
      <datafield tag="880" ind1="2" ind2=" ">
         <subfield code="6">710-06/</subfield>
         <subfield code="a">中国硅酸塩学会．</subfield>
      </datafield>
      <datafield tag="994" ind1=" " ind2=" ">
         <subfield code="a">Z0</subfield>
         <subfield code="b">ZYU</subfield>
      </datafield>
      <datafield tag="OWN" ind1=" " ind2=" ">
         <subfield code="a">GENERAL</subfield>
      </datafield>
      <datafield tag="987" ind1=" " ind2=" ">
         <subfield code="a">PINYIN</subfield>
         <subfield code="b">CStRLIN</subfield>
         <subfield code="c">20010122</subfield>
         <subfield code="d">c</subfield>
         <subfield code="e">1.0</subfield>
      </datafield>
      <datafield tag="AVA" ind1=" " ind2=" ">
         <subfield code="a">NYU50</subfield>
         <subfield code="b">NISAW</subfield>
         <subfield code="c">Small Collection</subfield>
         <subfield code="d">NK4565 .Z462 1982</subfield>
         <subfield code="e">available</subfield>
         <subfield code="t">Available</subfield>
         <subfield code="f">1</subfield>
         <subfield code="g">0</subfield>
         <subfield code="h">N</subfield>
         <subfield code="i">0</subfield>
         <subfield code="j">SMALL</subfield>
         <subfield code="k">0</subfield>
      </datafield>
      <marc:datafield tag="852" ind1=" " ind2=" ">
         <marc:subfield code="b">Institute for the Study of the Ancient World, </marc:subfield>
         <marc:subfield code="c">Small Collection</marc:subfield>
         <marc:subfield code="e">15 East 84th St., </marc:subfield>
         <marc:subfield code="e">New York, NY  10028</marc:subfield>
      </marc:datafield>
   </record>