
  
  
  
  
  
  
 
  
  <record xsi:schemaLocation="http://www.loc.gov/MARC21/slim http://www.loc.gov/standards/marcxml/schema/MARC21slim.xsd">
      <leader>00000cam  2200745 a 4500</leader>
      <controlfield tag="FMT">BK</controlfield>
      <controlfield tag="LDR">00000cam  2200745 a 4500</controlfield>
      <controlfield tag="001">004074408</controlfield>
      <controlfield tag="003">OCoLC</controlfield>
      <controlfield tag="005">20141201153805.0</controlfield>
      <controlfield tag="008">141201s2005    cc a     b    100 0 chi d</controlfield>
      <datafield tag="010" ind1=" " ind2=" ">
         <subfield code="a">2006434368</subfield>
      </datafield>
      <datafield tag="020" ind1=" " ind2=" ">
         <subfield code="a">7501017344</subfield>
      </datafield>
      <datafield tag="020" ind1=" " ind2=" ">
         <subfield code="a">9787501017348</subfield>
      </datafield>
      <datafield tag="035" ind1=" " ind2=" ">
         <subfield code="a">(OCoLC)61706253</subfield>
      </datafield>
      <datafield tag="040" ind1=" " ind2=" ">
         <subfield code="a">HUA</subfield>
         <subfield code="b">eng</subfield>
         <subfield code="c">HUA</subfield>
         <subfield code="d">PIT</subfield>
         <subfield code="d">CLU</subfield>
         <subfield code="d">DLC</subfield>
         <subfield code="d">SINLB</subfield>
         <subfield code="d">OCLCF</subfield>
         <subfield code="d">ZYU</subfield>
         <subfield code="d">NNU</subfield>
      </datafield>
      <datafield tag="043" ind1=" " ind2=" ">
         <subfield code="a">a-cc-kn</subfield>
         <subfield code="a">a-cc---</subfield>
      </datafield>
      <datafield tag="050" ind1="0" ind2="0">
         <subfield code="a">DS793.K7</subfield>
         <subfield code="b">G836 2003</subfield>
      </datafield>
      <datafield tag="050" ind1=" " ind2="4">
         <subfield code="a">DS793.S644</subfield>
         <subfield code="b">G836 2003</subfield>
      </datafield>
      <datafield tag="066" ind1=" " ind2=" ">
         <subfield code="c">$1</subfield>
      </datafield>
      <datafield tag="082" ind1="0" ind2="4">
         <subfield code="a">931.014</subfield>
         <subfield code="2">22</subfield>
      </datafield>
      <datafield tag="111" ind1="2" ind2=" ">
         <subfield code="a">Guangzhou kao gu ji Guangzhou Nanyue guo yi ji xue shu yan tao hui</subfield>
         <subfield code="d">(2003 :</subfield>
         <subfield code="c">Zhongshan da xue)</subfield>
         <subfield code="6">880-01</subfield>
      </datafield>
      <datafield tag="245" ind1="1" ind2="0">
         <subfield code="6">880-02</subfield>
         <subfield code="a">Nanyue guo shi ji yan tao hui lun wen xuan ji /</subfield>
         <subfield code="c">Zhongguo Qin Han shi yan jiu hui, Zhongshan da xue li shi xi, Xi Han Nanyue wang bo wu guan [bian].</subfield>
      </datafield>
      <datafield tag="250" ind1=" " ind2=" ">
         <subfield code="6">880-03</subfield>
         <subfield code="a">Di 1 ban.</subfield>
      </datafield>
      <datafield tag="260" ind1=" " ind2=" ">
         <subfield code="6">880-04</subfield>
         <subfield code="a">Beijing :</subfield>
         <subfield code="b">Wen wu chu ban she,</subfield>
         <subfield code="c">2005.</subfield>
      </datafield>
      <datafield tag="300" ind1=" " ind2=" ">
         <subfield code="a">2, 275 p. :</subfield>
         <subfield code="b">ill. ;</subfield>
         <subfield code="c">26 cm.</subfield>
      </datafield>
      <datafield tag="504" ind1=" " ind2=" ">
         <subfield code="a">Includes bibliographical references.</subfield>
      </datafield>
      <datafield tag="500" ind1=" " ind2=" ">
         <subfield code="6">880-05</subfield>
         <subfield code="a">"'Guangzhou kao gu ji Guangzhou Nanyue guo yi ji xue shu yan tao hui' yu 2003 nian 11 yue 27 ri zai Zhongshan da xue li shi xi yong fang tang long zhong ju xing"--p. 271.</subfield>
      </datafield>
      <datafield tag="520" ind1=" " ind2=" ">
         <subfield code="6">880-06</subfield>
         <subfield code="a">Ben shu hui ji de lun wen, cong Nanyue guo de zheng zhi zhi du, Nanyue guo wen hua shi de di wei, Nanyue wang mu fa xian de yi yi, Nanyue wang mu chu tu wen wu kao shi, Nanyue guo yi ji shen bao shi jie wen hua yi chan deng she ji de ge ge ceng mian jin xing tan suo.</subfield>
      </datafield>
      <datafield tag="505" ind1="0" ind2="0">
         <subfield code="6">880-07</subfield>
         <subfield code="t">Han chao zhi li Nanyue Guo mo shi tan yuan /</subfield>
         <subfield code="r">Zhang Rongfang --</subfield>
         <subfield code="t">Nanyue Guo fei Han zhi zhu hou guo lun /</subfield>
         <subfield code="r">Liu Rui --</subfield>
         <subfield code="t">"Kai guan" ding lun: cong "Wen di xin xi" kan Han Yue guan xi /</subfield>
         <subfield code="r">Liu Min --</subfield>
         <subfield code="t">Xi Han Nanyue xiang lü jia yi zu ren Dian ji qi li shi ying xiang shi tan /</subfield>
         <subfield code="r">Yang Zhaorong --</subfield>
         <subfield code="t">Nanyue Wang Jiande kao bian /</subfield>
         <subfield code="r">Gong Liuzhu --</subfield>
         <subfield code="t">Nanyue wang sang zang guan tan xi /</subfield>
         <subfield code="r">Li Linna --</subfield>
         <subfield code="t">Nanyue guo bai nian shi de jin shen wen hua xun zong /</subfield>
         <subfield code="r">Wang Jian --</subfield>
         <subfield code="t">You Guangzhou Nanyue wang mu suo jian wen hua yi cun tou shi Lingnan wen hua bian qian /</subfield>
         <subfield code="r">Xia Zengmin --</subfield>
         <subfield code="t">Qian xi Nanyue wang Zhao Mei "Wu" "Shu" bing xing de yi zhi guan nian /</subfield>
         <subfield code="r">Wang Fang, Chen Li --</subfield>
         <subfield code="t">Nanyue wang mu "Wai cang guo" she zhi zhi wo jian /</subfield>
         <subfield code="r">Wang Xueli --</subfield>
         <subfield code="t">Nanyue wang mu chu tu Ⅳ xing zu kao /</subfield>
         <subfield code="r">Chen Chunhui --</subfield>
         <subfield code="t">Nanyue wang chu tu yu wu yong wu zi chu yi /</subfield>
         <subfield code="r">Bai Fang --</subfield>
         <subfield code="t">Guangzhou Nanyue weng mu chu tu tong ti tong xiang shi shi /</subfield>
         <subfield code="r">Cao Lüning --</subfield>
         <subfield code="t">Nanyue wen wu yan jiu san ti /</subfield>
         <subfield code="r">Wu Lingyun --</subfield>
         <subfield code="t">Cong Nanyue wang mu chu tu de yu bi tan Han dai de xuan bi /</subfield>
         <subfield code="r">Gu Fang --</subfield>
         <subfield code="t">Xi Han Nanyue wang mu qian shi bi hua yi yi shi xi /</subfield>
         <subfield code="r">Liu Chunhua, Wang Zhiyou --</subfield>
         <subfield code="t">Xi Han Nanyue de xi xiang: yi Guangzhou Nanyue wang mu chu tu zi liao wei zhong xin /</subfield>
         <subfield code="r">Wang Zijin --</subfield>
         <subfield code="t">Ju zhao qian tan /</subfield>
         <subfield code="r">Li Longzhang --</subfield>
         <subfield code="t">Nanyue guo tie qi yu Qin guo tie qi zhi bi jiao /</subfield>
         <subfield code="r">Liang Yun, Zhao Manni --</subfield>
      </datafield>
      <datafield tag="505" ind1="0" ind2="0">
         <subfield code="6">880-08</subfield>
         <subfield code="t">Xi Han Nanyue wang mu chu tu"Tai zi" yin qian lun /</subfield>
         <subfield code="r">Chen Songzhang --</subfield>
         <subfield code="t">Nanyue wang mu yin he bo lai lu xian kao /</subfield>
         <subfield code="r">Zhou Yongwei --</subfield>
         <subfield code="t">"Gan lan jian zhu ji chu shuo" shang que: wang tan Guangzhou Qin zao chuan yi zhi de xing zhi /</subfield>
         <subfield code="r">Ou Jiafa --</subfield>
         <subfield code="t">Nanyue guo gong yuan yi zhi de wen hua jia zhi yan jiu /</subfield>
         <subfield code="r">Gao Dawei, Yue Shengyang --</subfield>
         <subfield code="t">Lüe shuo Nanyue wang mu shi Lingnan kao gu ming fu qi shi de zhong da fa xian /</subfield>
         <subfield code="r">Yang Shiting --</subfield>
         <subfield code="t">Cong kao gu fa xian kan Nanyue guo zai Lingnan di qu ka fa fang mian de li shi di wei /</subfield>
         <subfield code="r">Cui Rui, Fu Wenjun --</subfield>
         <subfield code="t">Zhonguo gu dai hai yang wen hua de xian qu: cong Nanyue guo yi ji kan Nanyue wen hua ji qi li shi di wei /</subfield>
         <subfield code="r">Peng Nian --</subfield>
         <subfield code="t">Lun Chu ting zhi Nanyue guo wen hu yi cun de zhong yao jia zhi he yi yi /</subfield>
         <subfield code="r">Yang Dongchen --</subfield>
         <subfield code="t">Cong Nanyue wang mu chu tu wen wu kan Chu guo ke xue ji shu dui Nanyue guo de ying xiang /</subfield>
         <subfield code="r">Hou Dejun --</subfield>
         <subfield code="t">Guangxi Han mu de fa jue yu Nanyue guo shi yan jiu /</subfield>
         <subfield code="r">Lan Rizheng, Jiang Tingyu --</subfield>
         <subfield code="t">You jiu de li shi gu lao de wen hua ying yong de cheng shi Guangzhou /</subfield>
         <subfield code="r">Tao Zhenggang, Guo Hong --</subfield>
         <subfield code="t">Guan yu Nanyue guo shi ji shen ji de fen xi /</subfield>
         <subfield code="r">Tian Jing --</subfield>
         <subfield code="t">Nanyue guo yi ji shen yi yan jiu /</subfield>
         <subfield code="r">Lei Yiqun --</subfield>
         <subfield code="t">Nanyue guo yi ji shen bao shi jie wen hua yi chan de kee xing xing yan jiu /</subfield>
         <subfield code="r">Xiao Hua --</subfield>
         <subfield code="t">Fu lu: "Guangzhou kao gu ji Guangzhou Nanyue yi ji xue shu yan tao hui zong shu" /</subfield>
         <subfield code="r">Fu Wenjun, Cao Lüning.</subfield>
      </datafield>
      <datafield tag="651" ind1=" " ind2="0">
         <subfield code="a">Guangdong Sheng (China)</subfield>
         <subfield code="6">880-09</subfield>
         <subfield code="x">History</subfield>
         <subfield code="v">Congresses.</subfield>
      </datafield>
      <datafield tag="651" ind1=" " ind2="0">
         <subfield code="a">Guangdong Sheng (China)</subfield>
         <subfield code="6">880-10</subfield>
         <subfield code="x">Antiquities.</subfield>
      </datafield>
      <datafield tag="650" ind1=" " ind2="0">
         <subfield code="a">Excavations (Archaeology)</subfield>
         <subfield code="z">China</subfield>
         <subfield code="z">Guangdong Sheng</subfield>
         <subfield code="v">Congresses.</subfield>
      </datafield>
      <datafield tag="651" ind1=" " ind2="0">
         <subfield code="a">China</subfield>
         <subfield code="x">History</subfield>
         <subfield code="y">Han dynasty, 202 B.C.-220 A.D.</subfield>
         <subfield code="v">Congresses.</subfield>
      </datafield>
      <datafield tag="650" ind1=" " ind2="7">
         <subfield code="a">Antiquities.</subfield>
         <subfield code="2">fast</subfield>
         <subfield code="0">(OCoLC)fst00810745</subfield>
      </datafield>
      <datafield tag="650" ind1=" " ind2="7">
         <subfield code="a">Excavations (Archaeology)</subfield>
         <subfield code="2">fast</subfield>
         <subfield code="0">(OCoLC)fst00917564</subfield>
      </datafield>
      <datafield tag="650" ind1=" " ind2="7">
         <subfield code="a">Han Dynasty (China)</subfield>
         <subfield code="2">fast</subfield>
         <subfield code="0">(OCoLC)fst01696746</subfield>
      </datafield>
      <datafield tag="651" ind1=" " ind2="7">
         <subfield code="a">China.</subfield>
         <subfield code="2">fast</subfield>
         <subfield code="0">(OCoLC)fst01206073</subfield>
      </datafield>
      <datafield tag="651" ind1=" " ind2="7">
         <subfield code="a">China</subfield>
         <subfield code="z">Guangdong Sheng.</subfield>
         <subfield code="2">fast</subfield>
         <subfield code="0">(OCoLC)fst01211821</subfield>
      </datafield>
      <datafield tag="648" ind1=" " ind2="7">
         <subfield code="a">202 B.C. - 220 A.D.</subfield>
         <subfield code="2">fast</subfield>
      </datafield>
      <datafield tag="655" ind1=" " ind2="7">
         <subfield code="a">Conference proceedings.</subfield>
         <subfield code="2">fast</subfield>
         <subfield code="0">(OCoLC)fst01423772</subfield>
      </datafield>
      <datafield tag="655" ind1=" " ind2="7">
         <subfield code="a">History.</subfield>
         <subfield code="2">fast</subfield>
         <subfield code="0">(OCoLC)fst01411628</subfield>
      </datafield>
      <datafield tag="710" ind1="2" ind2=" ">
         <subfield code="a">Zhongguo Qin Han shi yan jiu hui</subfield>
         <subfield code="6">880-11</subfield>
      </datafield>
      <datafield tag="710" ind1="2" ind2=" ">
         <subfield code="a">Zhongshan da xue (Guangzhou, China).</subfield>
         <subfield code="b">Li shi xue xi</subfield>
         <subfield code="6">880-12</subfield>
      </datafield>
      <datafield tag="710" ind1="2" ind2=" ">
         <subfield code="a">Guangzhou Xi Han Nanyue wang mu bo wu guan</subfield>
         <subfield code="6">880-13</subfield>
      </datafield>
      <datafield tag="880" ind1="2" ind2=" ">
         <subfield code="6">111-01/</subfield>
         <subfield code="a">广州考古暨广州南越国遗迹学术研讨会</subfield>
         <subfield code="d">(2003 :</subfield>
         <subfield code="c">Zhongshan da xue)</subfield>
      </datafield>
      <datafield tag="880" ind1="1" ind2="0">
         <subfield code="6">245-02/</subfield>
         <subfield code="a">南越国史迹研讨会论文选集 /</subfield>
         <subfield code="c">中国秦汉史研究会, 中山大学历史系, 西汉南越王博物馆[编].</subfield>
      </datafield>
      <datafield tag="880" ind1=" " ind2=" ">
         <subfield code="6">250-03/</subfield>
         <subfield code="a">第1版.</subfield>
      </datafield>
      <datafield tag="880" ind1=" " ind2=" ">
         <subfield code="6">260-04/</subfield>
         <subfield code="a">北京 :</subfield>
         <subfield code="b">文物出版社,</subfield>
         <subfield code="c">2005.</subfield>
      </datafield>
      <datafield tag="880" ind1=" " ind2=" ">
         <subfield code="6">500-05/</subfield>
         <subfield code="a">"'广州考古暨广州南越国遗迹学术研讨会'于2003年11月27日在中山大学历史系永芳堂隆重举行"--p. 271.</subfield>
      </datafield>
      <datafield tag="880" ind1=" " ind2=" ">
         <subfield code="6">520-06/</subfield>
         <subfield code="a">本书汇集的论文, 从南越国的政治制度, 南越国文化史的地位, 南越王墓发现的意义, 南越王墓出土文物考释, 南越国遗迹申报世界文化遗产等涉及的各个层面进行探索.</subfield>
      </datafield>
      <datafield tag="880" ind1="0" ind2="0">
         <subfield code="6">505-07/</subfield>
         <subfield code="t">汉朝治理南越国模式探源 /</subfield>
         <subfield code="r">张容芳 --</subfield>
         <subfield code="t">南越国非汉之诸侯国论 /</subfield>
         <subfield code="r">刘瑞 --</subfield>
         <subfield code="t">"开棺"定论: 从"文帝行玺"看汉越关系 /</subfield>
         <subfield code="r">刘敏 --</subfield>
         <subfield code="t">西汉南越相吕嘉遗族人滇及其历史影响试探 /</subfield>
         <subfield code="r">杨兆荣 --</subfield>
         <subfield code="t">南越王建德考辨 /</subfield>
         <subfield code="r">龚留柱 --</subfield>
         <subfield code="t">南越王丧葬观探析 /</subfield>
         <subfield code="r">李林娜 --</subfield>
         <subfield code="t">南越国百年史的精神文化寻踪 /</subfield>
         <subfield code="r">王健 --</subfield>
         <subfield code="t">由广州南越王墓所见文化遗存透视岭南文化变迁 /</subfield>
         <subfield code="r">夏增民 --</subfield>
         <subfield code="t">浅析南越王赵昧"巫""术"并行的医治观念王 /</subfield>
         <subfield code="r">王芳, 陈莉 --</subfield>
         <subfield code="t">南越王墓"外藏椁"设置之我见 /</subfield>
         <subfield code="r">王学理 --</subfield>
         <subfield code="t">南越王墓出土Ⅳ型镞考 /</subfield>
         <subfield code="r">陈春会 --</subfield>
         <subfield code="t">南越王墓出土玉舞俑舞姿刍议 /</subfield>
         <subfield code="r">白芳 --</subfield>
         <subfield code="t">广州南越王墓出土铜提筒图像试释 /</subfield>
         <subfield code="r">曹旅宁 --</subfield>
         <subfield code="t">南越文物研究三题 /</subfield>
         <subfield code="r">吴凌云 --</subfield>
         <subfield code="t">从南越王墓出土的玉璧谈汉代的玄璧 /</subfield>
         <subfield code="r">古方 --</subfield>
         <subfield code="t">西汉南越王墓前室壁画意义试析 /</subfield>
         <subfield code="r">刘春华, 王志友 --</subfield>
         <subfield code="t">西汉南越的犀象: 以广州南越王墓出土资料为中心 /</subfield>
         <subfield code="r">王子今 --</subfield>
         <subfield code="t">句櫂浅谈 /</subfield>
         <subfield code="r">李龙章 --</subfield>
         <subfield code="t">南越国铁器与秦国铁器之比较 /</subfield>
         <subfield code="r">梁云, 赵曼妮 --</subfield>
      </datafield>
      <datafield tag="880" ind1="0" ind2="0">
         <subfield code="6">505-08/</subfield>
         <subfield code="t">西汉南越王墓出土"泰子"印浅论 /</subfield>
         <subfield code="r">陈松长 --</subfield>
         <subfield code="t">南越王墓银盒舶来路线考 /</subfield>
         <subfield code="r">周永卫 --</subfield>
         <subfield code="t">"干栏建筑基础说"商榷: 妄谈广州秦造船遗址的性质 /</subfield>
         <subfield code="r">区家发 --</subfield>
         <subfield code="t">南越国宫苑遗址的文化价值研究 /</subfield>
         <subfield code="r">高大伟, 岳升阳 --</subfield>
         <subfield code="t">略说南越王墓是岭南考古名符其实的重大发现 /</subfield>
         <subfield code="r">杨式挺 --</subfield>
         <subfield code="t">从考古发现看南越国在岭南地区开发方面的历史地位 /</subfield>
         <subfield code="r">崔锐, 付文军 --</subfield>
         <subfield code="t">中国古代海洋文化的先驱: 从南越国遗迹看南越文化及其历史地位 /</subfield>
         <subfield code="r">彭年 --</subfield>
         <subfield code="t">论楚庭至南越国文化遗存的重要价值和意义 /</subfield>
         <subfield code="r">杨东晨 --</subfield>
         <subfield code="t">从南越王墓出土文物看楚国科学技术对南越国的影响 /</subfield>
         <subfield code="r">后德军 --</subfield>
         <subfield code="t">广西汉墓的发掘与南越国史研究 /</subfield>
         <subfield code="r">蓝日正, 蒋廷瑜 --</subfield>
         <subfield code="t">悠久的历史古老的文化英勇的城市广州 /</subfield>
         <subfield code="r">陶正刚, 郭红 --</subfield>
         <subfield code="t">关于南越国史迹申遗的分析 /</subfield>
         <subfield code="r">田静 --</subfield>
         <subfield code="t">南越国遗迹与申遗研究 /</subfield>
         <subfield code="r">雷依群 --</subfield>
         <subfield code="t">南越国遗迹申报世界文化遗产的可行性研究 /</subfield>
         <subfield code="r">肖华 --</subfield>
         <subfield code="t">附录: "广州考古暨广州南越国遗迹学术研讨会"综述 /</subfield>
         <subfield code="r">付文军, 曹旅宁.</subfield>
      </datafield>
      <datafield tag="880" ind1=" " ind2="4">
         <subfield code="6">651-09/</subfield>
         <subfield code="a">广东省 (China)</subfield>
         <subfield code="x">History</subfield>
         <subfield code="v">Congresses.</subfield>
      </datafield>
      <datafield tag="880" ind1=" " ind2="4">
         <subfield code="6">651-10/</subfield>
         <subfield code="a">广东省 (China)</subfield>
         <subfield code="x">Antiquities.</subfield>
      </datafield>
      <datafield tag="880" ind1="2" ind2=" ">
         <subfield code="6">710-11/</subfield>
         <subfield code="a">中国秦汉史研究会.</subfield>
      </datafield>
      <datafield tag="880" ind1="2" ind2=" ">
         <subfield code="6">710-12/</subfield>
         <subfield code="a">中山大学 (Guangzhou, China).</subfield>
         <subfield code="b">历史学系.</subfield>
      </datafield>
      <datafield tag="880" ind1="2" ind2=" ">
         <subfield code="6">710-13/</subfield>
         <subfield code="a">广州西汉南越王墓博物馆.</subfield>
      </datafield>
      <datafield tag="994" ind1=" " ind2=" ">
         <subfield code="a">Z0</subfield>
         <subfield code="b">ZYU</subfield>
      </datafield>
      <datafield tag="OWN" ind1=" " ind2=" ">
         <subfield code="a">GENERAL</subfield>
      </datafield>
      <datafield tag="AVA" ind1=" " ind2=" ">
         <subfield code="a">NYU50</subfield>
         <subfield code="b">NISAW</subfield>
         <subfield code="c">Small Collection</subfield>
         <subfield code="d">DS793.S644 G836 2003</subfield>
         <subfield code="e">available</subfield>
         <subfield code="t">Available</subfield>
         <subfield code="f">1</subfield>
         <subfield code="g">0</subfield>
         <subfield code="h">N</subfield>
         <subfield code="i">0</subfield>
         <subfield code="j">SMALL</subfield>
         <subfield code="k">0</subfield>
      </datafield>
      <marc:datafield tag="852" ind1=" " ind2=" ">
         <marc:subfield code="b">Institute for the Study of the Ancient World, </marc:subfield>
         <marc:subfield code="c">Small Collection</marc:subfield>
         <marc:subfield code="e">15 East 84th St., </marc:subfield>
         <marc:subfield code="e">New York, NY  10028</marc:subfield>
      </marc:datafield>
   </record>