
  
  
  
  
  
 
  
  <record xsi:schemaLocation="http://www.loc.gov/MARC21/slim http://www.loc.gov/standards/marcxml/schema/MARC21slim.xsd">
      <leader>00000cam  2200673 a 4500</leader>
      <controlfield tag="FMT">BK</controlfield>
      <controlfield tag="LDR">00000cam  2200673 a 4500</controlfield>
      <controlfield tag="001">004074379</controlfield>
      <controlfield tag="003">OCoLC</controlfield>
      <controlfield tag="005">20141201142709.0</controlfield>
      <controlfield tag="008">141201s2008    cc a     b    100 0 chi d</controlfield>
      <datafield tag="020" ind1=" " ind2=" ">
         <subfield code="a">9787030213648</subfield>
      </datafield>
      <datafield tag="020" ind1=" " ind2=" ">
         <subfield code="a">7030213645</subfield>
      </datafield>
      <datafield tag="035" ind1=" " ind2=" ">
         <subfield code="a">(OCoLC)247885088</subfield>
      </datafield>
      <datafield tag="040" ind1=" " ind2=" ">
         <subfield code="a">CNPIT</subfield>
         <subfield code="b">eng</subfield>
         <subfield code="c">CNPIT</subfield>
         <subfield code="d">OCLCQ</subfield>
         <subfield code="d">COO</subfield>
         <subfield code="d">OCL</subfield>
         <subfield code="d">HMY</subfield>
         <subfield code="d">OCLCA</subfield>
         <subfield code="d">OCLCQ</subfield>
         <subfield code="d">OCLCF</subfield>
         <subfield code="d">NNU</subfield>
      </datafield>
      <datafield tag="043" ind1=" " ind2=" ">
         <subfield code="a">a-cc---</subfield>
      </datafield>
      <datafield tag="050" ind1=" " ind2="4">
         <subfield code="a">DS730</subfield>
         <subfield code="b">.A25 2008</subfield>
      </datafield>
      <datafield tag="066" ind1=" " ind2=" ">
         <subfield code="c">$1</subfield>
      </datafield>
      <datafield tag="111" ind1="2" ind2=" ">
         <subfield code="6">880-01</subfield>
         <subfield code="a">1~6 Shi ji Zhongguo bei fang bian jiang, min zu, she hui guo ji xue shu yan tao hui</subfield>
         <subfield code="d">(2006 :</subfield>
         <subfield code="c">Jilin da xue)</subfield>
      </datafield>
      <datafield tag="245" ind1="1" ind2="0">
         <subfield code="6">880-02</subfield>
         <subfield code="a">"1~6 Shi ji Zhongguo bei fang bian jiang, min zu, she hui guo ji xue shu yan tao hui" lun wen ji /</subfield>
         <subfield code="c">Jilin da xue gu ji yan jiu suo bian.</subfield>
      </datafield>
      <datafield tag="250" ind1=" " ind2=" ">
         <subfield code="6">880-03</subfield>
         <subfield code="a">Di 1 ban.</subfield>
      </datafield>
      <datafield tag="260" ind1=" " ind2=" ">
         <subfield code="6">880-04</subfield>
         <subfield code="a">Beijing :</subfield>
         <subfield code="b">Ke xue chu ban she,</subfield>
         <subfield code="c">2008.</subfield>
      </datafield>
      <datafield tag="300" ind1=" " ind2=" ">
         <subfield code="a">iv, 413 p. :</subfield>
         <subfield code="b">ill. ;</subfield>
         <subfield code="c">26 cm.</subfield>
      </datafield>
      <datafield tag="500" ind1=" " ind2=" ">
         <subfield code="a">Proceedings of a Symposium held August 4-8, 2006 at Jilin da xue.</subfield>
      </datafield>
      <datafield tag="504" ind1=" " ind2=" ">
         <subfield code="a">Includes bibliographical references.</subfield>
      </datafield>
      <datafield tag="520" ind1=" " ind2=" ">
         <subfield code="6">880-05</subfield>
         <subfield code="a">Ben shu shou lu"1-6 shi ji Zhongguo bei fang bian jiang, min zu, she hui guo ji xue shu yan tao hui" hui yi lun wen 32 pian, nei rong yi 1-6 shi ji Zhongguo bei fang min zu, bian jiang he she hui deng xiang guan wen ti wei zhu.</subfield>
      </datafield>
      <datafield tag="505" ind1="0" ind2="0">
         <subfield code="6">880-06</subfield>
         <subfield code="t">Liang Han zhi ji Han Xiongnu guan xi kao lüe : yi jiang tong "Xi jie lun" wei zhong xin /</subfield>
         <subfield code="r">Song Chao --</subfield>
         <subfield code="t">Xiongnu "Ou tuo" wen ti yan jiu yu bei fang shao shu min zu "Han lu duo" xi su bian xi /</subfield>
         <subfield code="r">Wang Yanhui, Li Huanqing --</subfield>
         <subfield code="t">Yushimen shi jain yu Wei Yan zhi zheng /</subfield>
         <subfield code="r">Li Ping --</subfield>
         <subfield code="t">Lü lun Bei Wei yu Hou Yan de guan xi ji Hou Yan de guan xi ji Hou Yan dui Bei Wei fa zhan de ying xiang /</subfield>
         <subfield code="r">Han Xuesong --</subfield>
         <subfield code="t">Qian Yan, Qian Qin, Nan Yan jiu pin zhong zheng zheng zhi shi ling /</subfield>
         <subfield code="r">Zhang Xuhua --</subfield>
         <subfield code="t">Cong Chaoyang chu tu de 4-5 shi ji bi hua mu shi hua xiang ren wu tou bu fen xi kan Yan yu fei Han /</subfield>
         <subfield code="r">Sanqiliangzhang --</subfield>
         <subfield code="t">Gong yuan qian 2 shi ji zhi gong yuan 6 shi ji Xinjiang Diqu de min zu ji qi bian qian /</subfield>
         <subfield code="r">Zhou Weizhou --</subfield>
         <subfield code="t">Lun Han dai xi zhi bian jiang min zu yu sai nei zhi zheng ce /</subfield>
         <subfield code="r">Liao Boyuan --</subfield>
         <subfield code="t">Liu Xiu bei fang bian wu zheng ce ping xi /</subfield>
         <subfield code="r">Huang Liuzhu --</subfield>
         <subfield code="t">"Rou dao" yu bian fang：Dong Han bei fang min zu wen ti de zheng zhi fen xi /</subfield>
         <subfield code="r">Zang Zhifei --</subfield>
         <subfield code="t">Liang Han shi qi de bei bian jun tu lun yi /</subfield>
         <subfield code="r">Wang Zijin --</subfield>
         <subfield code="t">Lun Han Wei zhi ji Qiang hu hua de liang zhou jun shi ji tuan /</subfield>
         <subfield code="r">Zhu Ziyan --</subfield>
         <subfield code="t">Han Jin huo Wuhuan jiao wei guan zhi xing zhi yan bian tan xi /</subfield>
         <subfield code="r">Li Junfang --</subfield>
         <subfield code="t">Bei Wei zhen jiang wen ti tan tao /</subfield>
         <subfield code="r">Shen Gang --</subfield>
         <subfield code="t">Bei Zhou zong guan de quan li yu guo jia zheng tao zhi du guan xi de wen ti kao lue /</subfield>
         <subfield code="r">Zhang Hequan --</subfield>
         <subfield code="t">"Gong yan shi" zhong suo jian Yexia wen shi you yan zhong de tan lun yu xuan xue qing tan zhi fa zhan /</subfield>
         <subfield code="r">Jing Shuhui --</subfield>
         <subfield code="t">Wei Jin Nan Bei chao shi qi hu ren de nan xia yu zhong yuan she hui bian qian /</subfield>
         <subfield code="r">程有为</subfield>
      </datafield>
      <datafield tag="505" ind1="0" ind2="0">
         <subfield code="6">880-07</subfield>
         <subfield code="t">Shi lun gong yuan 4 shi ji qian qi Huabei Diqu de Han zu min wu bi /</subfield>
         <subfield code="r">薛海波 --</subfield>
         <subfield code="t">Bei Wei zong zheng kao shu /</subfield>
         <subfield code="r">Liu Jun --</subfield>
         <subfield code="t">Bei Wei Shen Hong zhi mu zhi kao shi /</subfield>
         <subfield code="r">Hou Xudong --</subfield>
         <subfield code="t">Cong Bei Wei "Wang Liban qi yu" zhuan, "Wang Ban" can zhuan shuo Taihe Liao dong zheng zhi quan /</subfield>
         <subfield code="r">Yin Xian --</subfield>
         <subfield code="t">Cui Hao zhi Nan chao qing jie ji qi yu nan shi zhi jiao wang kao xi /</subfield>
         <subfield code="r">Wang Yongping --</subfield>
         <subfield code="t">Ji wei yu Shi liu guo Bei chao de she hui yu zheng zhi /</subfield>
         <subfield code="r">Lü Zongli --</subfield>
         <subfield code="t">Lüe lun Bei chao de xiang cun wu zhuang /</subfield>
         <subfield code="r">Chen Shuang --</subfield>
         <subfield code="t">Bei chao jiao ji kao shu /</subfield>
         <subfield code="r">Zhang Yunhua --</subfield>
         <subfield code="t">Bei chao shi qi de ni zhi qin shu shi tan: yi ji qin, shou yang, jie yi wei zhong xin /</subfield>
         <subfield code="r">Shao Zhengkun --</subfield>
         <subfield code="t">Shi lun Bei chao shi qi de "Kai cang zhen xue" cuo shi /</subfield>
         <subfield code="r">Li Hui --</subfield>
         <subfield code="t">3～6 shi ji de Fo jiao yi yi yu bei fang cun luo ji di fang zheng quan zhi guan xi /</subfield>
         <subfield code="r">Shang Yongqi --</subfield>
         <subfield code="t">4～6 shi ji Zhongguo bei fang "Mie fo" yu seng ren shang wu /</subfield>
         <subfield code="r">Yan Yaozhong --</subfield>
         <subfield code="t">Lun 4～6 shi ji bei fang she hui de fa zhan gui ji /</subfield>
         <subfield code="r">Shi Guangming --</subfield>
         <subfield code="t">Tan Qin dai dui Shangjun de jing lüe /</subfield>
         <subfield code="r">Zhang Mingqia --</subfield>
         <subfield code="t">Gong yuan qian4～qian 3 shi ji de Eerduosi you mu she hui /</subfield>
         <subfield code="r">Shi Dangshe, Tian Jing.</subfield>
      </datafield>
      <datafield tag="650" ind1=" " ind2="0">
         <subfield code="a">Minorities</subfield>
         <subfield code="z">China, Northwest</subfield>
         <subfield code="x">History</subfield>
         <subfield code="v">Congresses.</subfield>
      </datafield>
      <datafield tag="650" ind1=" " ind2="0">
         <subfield code="a">Ethnology</subfield>
         <subfield code="z">China, Northwest</subfield>
         <subfield code="v">Congresses.</subfield>
      </datafield>
      <datafield tag="651" ind1=" " ind2="0">
         <subfield code="a">China, Northwest</subfield>
         <subfield code="x">Boundaries</subfield>
         <subfield code="x">History</subfield>
         <subfield code="v">Congresses.</subfield>
      </datafield>
      <datafield tag="651" ind1=" " ind2="0">
         <subfield code="a">China</subfield>
         <subfield code="x">Politics and government</subfield>
         <subfield code="y">221 B.C.-960 A.D.</subfield>
         <subfield code="v">Congresses.</subfield>
      </datafield>
      <datafield tag="651" ind1=" " ind2="0">
         <subfield code="a">China</subfield>
         <subfield code="x">Civilization</subfield>
         <subfield code="y">221 B.C.-960 A.D.</subfield>
         <subfield code="v">Congresses.</subfield>
      </datafield>
      <datafield tag="650" ind1=" " ind2="7">
         <subfield code="a">Boundaries.</subfield>
         <subfield code="2">fast</subfield>
         <subfield code="0">(OCoLC)fst00837076</subfield>
      </datafield>
      <datafield tag="650" ind1=" " ind2="7">
         <subfield code="a">Civilization.</subfield>
         <subfield code="2">fast</subfield>
         <subfield code="0">(OCoLC)fst00862898</subfield>
      </datafield>
      <datafield tag="650" ind1=" " ind2="7">
         <subfield code="a">Ethnology.</subfield>
         <subfield code="2">fast</subfield>
         <subfield code="0">(OCoLC)fst00916106</subfield>
      </datafield>
      <datafield tag="650" ind1=" " ind2="7">
         <subfield code="a">Minorities.</subfield>
         <subfield code="2">fast</subfield>
         <subfield code="0">(OCoLC)fst01023088</subfield>
      </datafield>
      <datafield tag="650" ind1=" " ind2="7">
         <subfield code="a">Political science.</subfield>
         <subfield code="2">fast</subfield>
         <subfield code="0">(OCoLC)fst01069781</subfield>
      </datafield>
      <datafield tag="651" ind1=" " ind2="7">
         <subfield code="a">China.</subfield>
         <subfield code="2">fast</subfield>
         <subfield code="0">(OCoLC)fst01206073</subfield>
      </datafield>
      <datafield tag="651" ind1=" " ind2="7">
         <subfield code="a">China, Northwest.</subfield>
         <subfield code="2">fast</subfield>
         <subfield code="0">(OCoLC)fst01692654</subfield>
      </datafield>
      <datafield tag="648" ind1=" " ind2="7">
         <subfield code="a">221 B.C. - 960 A.D.</subfield>
         <subfield code="2">fast</subfield>
      </datafield>
      <datafield tag="655" ind1=" " ind2="7">
         <subfield code="a">Conference proceedings.</subfield>
         <subfield code="2">fast</subfield>
         <subfield code="0">(OCoLC)fst01423772</subfield>
      </datafield>
      <datafield tag="655" ind1=" " ind2="7">
         <subfield code="a">History.</subfield>
         <subfield code="2">fast</subfield>
         <subfield code="0">(OCoLC)fst01411628</subfield>
      </datafield>
      <datafield tag="710" ind1="2" ind2=" ">
         <subfield code="a">Jilin da xue.</subfield>
         <subfield code="b">Gu ji yan jiu suo</subfield>
         <subfield code="6">880-08</subfield>
      </datafield>
      <datafield tag="880" ind1="2" ind2=" ">
         <subfield code="6">111-01/</subfield>
         <subfield code="a">1~6世纪中国北方边疆・民族・社会国际学术研讨会</subfield>
         <subfield code="d">(2006 :</subfield>
         <subfield code="c">Jilin da xue)</subfield>
      </datafield>
      <datafield tag="880" ind1="1" ind2="0">
         <subfield code="6">245-02/</subfield>
         <subfield code="a">"1~6世纪中国北方边疆・民族・社会国际学术研讨会" 论文集 /</subfield>
         <subfield code="c">吉林大学古籍研究所编.</subfield>
      </datafield>
      <datafield tag="880" ind1=" " ind2=" ">
         <subfield code="6">250-03/</subfield>
         <subfield code="a">第1版.</subfield>
      </datafield>
      <datafield tag="880" ind1=" " ind2=" ">
         <subfield code="6">260-04/</subfield>
         <subfield code="a">北京 :</subfield>
         <subfield code="b">科学出版社,</subfield>
         <subfield code="c">2008.</subfield>
      </datafield>
      <datafield tag="880" ind1=" " ind2=" ">
         <subfield code="6">520-05/</subfield>
         <subfield code="a">本书收录"1-6世纪中国北方边疆.民族.社会国际学术研讨会"会议论文32篇, 内容以1-6世纪中国北方民族, 边疆和社会等相关问题为主.</subfield>
      </datafield>
      <datafield tag="880" ind1="0" ind2="0">
         <subfield code="6">505-06/</subfield>
         <subfield code="t">两汉之际汉匈关系考略: 以江统《徙戎论》为中心 /</subfield>
         <subfield code="r">宋超 --</subfield>
         <subfield code="t">匈奴“瓯脱”问题研究与北方少数民族“斡鲁朵”习俗辨析 /</subfield>
         <subfield code="r">王彦辉李焕青 --</subfield>
         <subfield code="t">于什门事件与魏燕之争 /</subfield>
         <subfield code="r">李凭 --</subfield>
         <subfield code="t">略论北魏与后燕的关系及后燕对北魏发展的影响 /</subfield>
         <subfield code="r">韩雪松 --</subfield>
         <subfield code="t">前燕, 前秦, 南燕九品中正制拾零 /</subfield>
         <subfield code="r">张旭华 --</subfield>
         <subfield code="t">从朝阳出土的4-5世纪壁画墓墓室画像人物头部分析看汉与非汉 /</subfield>
         <subfield code="r">三崎良章 --</subfield>
         <subfield code="t">公元前2世纪至公元6世纪新疆地区的民族及其变迁/</subfield>
         <subfield code="r">周伟洲 --</subfield>
         <subfield code="t">论汉代徙置边疆民族于塞内之政策 /</subfield>
         <subfield code="r">廖伯源 --</subfield>
         <subfield code="t">刘秀北方边务政策评析 /</subfield>
         <subfield code="r">黄留珠 --</subfield>
         <subfield code="t">“柔道”与边防：东汉北方民族问题的政治分析 /</subfield>
         <subfield code="r">臧知非 --</subfield>
         <subfield code="t">两汉时期的北边军屯论议 /</subfield>
         <subfield code="r">王子今 --</subfield>
         <subfield code="t">论汉魏之际羌胡化的凉州军事集团 /</subfield>
         <subfield code="r">朱子彦 --</subfield>
         <subfield code="t">汉晋护乌桓校尉职官性质演变探析 /</subfield>
         <subfield code="r">李俊方 --</subfield>
         <subfield code="t">北魏镇将问题探讨 /</subfield>
         <subfield code="r">沈刚 --</subfield>
         <subfield code="t">北周总管的权力及与国家征讨制度关系问题考略 /</subfield>
         <subfield code="r">张鹤泉 --</subfield>
         <subfield code="t">“公宴诗”中所见邺下文士游宴中的谈论与玄学清谈之发展 /</subfield>
         <subfield code="r">景蜀慧 --</subfield>
         <subfield code="t">魏晋南北朝时期胡人的南下与中原社会变迁 /</subfield>
         <subfield code="r">程有为</subfield>
      </datafield>
      <datafield tag="880" ind1="0" ind2="0">
         <subfield code="6">505-07/</subfield>
         <subfield code="t">试论公元4世纪前期华北地区的汉族流民坞壁 /</subfield>
         <subfield code="r">薛海波 --</subfield>
         <subfield code="t">北魏宗正考述 /</subfield>
         <subfield code="r">刘军 --</subfield>
         <subfield code="t">北魏申洪之墓志考释 /</subfield>
         <subfield code="r">侯旭东 --</subfield>
         <subfield code="t">从北魏《王礼斑妻舆》砖、《王斑》残砖说太和辽东政治圈 /</subfield>
         <subfield code="r">殷宪 --</subfield>
         <subfield code="t">崔浩之南朝情结及其与南士之交往考析 /</subfield>
         <subfield code="r">王永平 --</subfield>
         <subfield code="t">谶纬与十六国北朝的社会与政治 /</subfield>
         <subfield code="r">吕宗力 --</subfield>
         <subfield code="t">略论北朝的乡村武装 /</subfield>
         <subfield code="r">陈爽 --</subfield>
         <subfield code="t">北朝家妓考述 /</subfield>
         <subfield code="r">张云华 --</subfield>
         <subfield code="t">北朝时期的拟制亲属试探: 以继亲、收养、结义为中心 /</subfield>
         <subfield code="r">邵正坤 --</subfield>
         <subfield code="t">试论北朝时期的“开仓赈恤”措施 /</subfield>
         <subfield code="r">李辉 --</subfield>
         <subfield code="t">3～6世纪的佛教邑义与北方村落及地方政权之关系 /</subfield>
         <subfield code="r">尚永琪 --</subfield>
         <subfield code="t">4～6世纪中国北方“灭佛”与僧人尚武 /</subfield>
         <subfield code="r">严耀中 --</subfield>
         <subfield code="t">论4～6世纪北方社会的发展轨迹 /</subfield>
         <subfield code="r">施光明 --</subfield>
         <subfield code="t">谈秦代对上郡的经略 /</subfield>
         <subfield code="r">张铭洽 --</subfield>
         <subfield code="t">公元前4～前3世纪的鄂尔多斯游牧社会 /</subfield>
         <subfield code="r">史党社, 田静.</subfield>
      </datafield>
      <datafield tag="880" ind1="2" ind2=" ">
         <subfield code="6">710-08/</subfield>
         <subfield code="a">吉林大学.</subfield>
         <subfield code="b">古籍研究所.</subfield>
      </datafield>
      <datafield tag="994" ind1=" " ind2=" ">
         <subfield code="a">Z0</subfield>
         <subfield code="b">ZYU</subfield>
      </datafield>
      <datafield tag="OWN" ind1=" " ind2=" ">
         <subfield code="a">GENERAL</subfield>
      </datafield>
      <datafield tag="AVA" ind1=" " ind2=" ">
         <subfield code="a">NYU50</subfield>
         <subfield code="b">NISAW</subfield>
         <subfield code="c">Small Collection</subfield>
         <subfield code="d">DS730 .A25 2008</subfield>
         <subfield code="e">available</subfield>
         <subfield code="t">Available</subfield>
         <subfield code="f">1</subfield>
         <subfield code="g">0</subfield>
         <subfield code="h">N</subfield>
         <subfield code="i">0</subfield>
         <subfield code="j">SMALL</subfield>
         <subfield code="k">0</subfield>
      </datafield>
      <marc:datafield tag="852" ind1=" " ind2=" ">
         <marc:subfield code="b">Institute for the Study of the Ancient World, </marc:subfield>
         <marc:subfield code="c">Small Collection</marc:subfield>
         <marc:subfield code="e">15 East 84th St., </marc:subfield>
         <marc:subfield code="e">New York, NY  10028</marc:subfield>
      </marc:datafield>
   </record>