
  
  
  
  
  
  
  
 
  
  <record xsi:schemaLocation="http://www.loc.gov/MARC21/slim http://www.loc.gov/standards/marcxml/schema/MARC21slim.xsd">
      <leader>00000nam  22      i 4500</leader>
      <controlfield tag="FMT">BK</controlfield>
      <controlfield tag="LDR">00000nam  22      i 4500</controlfield>
      <controlfield tag="001">004073344</controlfield>
      <controlfield tag="005">20141201140441.0</controlfield>
      <controlfield tag="008">141201s2014    ua abe   b    100 0 fre d</controlfield>
      <datafield tag="020" ind1=" " ind2=" ">
         <subfield code="a">9782724706420</subfield>
      </datafield>
      <datafield tag="020" ind1=" " ind2=" ">
         <subfield code="a">9782351597019</subfield>
      </datafield>
      <datafield tag="035" ind1="7" ind2=" ">
         <subfield code="a">leil65726</subfield>
      </datafield>
      <datafield tag="040" ind1=" " ind2=" ">
         <subfield code="a">NNU</subfield>
         <subfield code="b">eng</subfield>
         <subfield code="e">rda</subfield>
         <subfield code="c">NNU</subfield>
      </datafield>
      <datafield tag="041" ind1="0" ind2=" ">
         <subfield code="a">fre</subfield>
         <subfield code="a">eng</subfield>
      </datafield>
      <datafield tag="043" ind1=" " ind2=" ">
         <subfield code="a">f-ua---</subfield>
         <subfield code="a">aw-----</subfield>
         <subfield code="a">ar-----</subfield>
      </datafield>
      <datafield tag="050" ind1=" " ind2="4">
         <subfield code="a">GT2846.M628</subfield>
         <subfield code="b">C65 2009</subfield>
      </datafield>
      <datafield tag="111" ind1="2" ind2=" ">
         <subfield code="a">Colloque international Balnéorient</subfield>
         <subfield code="n">(3e :</subfield>
         <subfield code="c">Damascus,</subfield>
         <subfield code="d">2009)</subfield>
      </datafield>
      <datafield tag="245" ind1="1" ind2="0">
         <subfield code="a">25 siècles de bain collectif en Orient :</subfield>
         <subfield code="b">Proche-Orient, Égypte et péninsule Arabique : balaneia = thermae = hammāmāt : actes du 3e colloque international Balnéorient /</subfield>
         <subfield code="c">édité par Marie-Françoise Boussac, Sylvie Denoix, Thibaud Fournet et Bérangère Redon ; organisé par l'Institut français du Proche-Orient et la Direction Générale des Antiquités et des Musées de Syrie (Damas-Syrie/2-6 nov. 2009)</subfield>
      </datafield>
      <datafield tag="246" ind1="2" ind2="0">
         <subfield code="a">Balaneia, thermae, hammāmāt</subfield>
      </datafield>
      <datafield tag="264" ind1=" " ind2="1">
         <subfield code="a">Le Caire :</subfield>
         <subfield code="b">Institut français d'archéologie orientale,</subfield>
         <subfield code="c">2014.</subfield>
      </datafield>
      <datafield tag="264" ind1=" " ind2="4">
         <subfield code="c">© 2014</subfield>
      </datafield>
      <datafield tag="300" ind1=" " ind2=" ">
         <subfield code="a">4 volumes (1245 pages) :</subfield>
         <subfield code="b">illustrations (some color), maps, plans ;</subfield>
         <subfield code="c">33 cm</subfield>
      </datafield>
      <datafield tag="336" ind1=" " ind2=" ">
         <subfield code="a">text</subfield>
         <subfield code="b">txt</subfield>
         <subfield code="2">rdacontent</subfield>
      </datafield>
      <datafield tag="337" ind1=" " ind2=" ">
         <subfield code="a">unmediated</subfield>
         <subfield code="b">n</subfield>
         <subfield code="2">rdamedia</subfield>
      </datafield>
      <datafield tag="338" ind1=" " ind2=" ">
         <subfield code="a">volume</subfield>
         <subfield code="b">nc</subfield>
         <subfield code="2">rdacarrier</subfield>
      </datafield>
      <datafield tag="490" ind1="1" ind2=" ">
         <subfield code="a">PIFD ;</subfield>
         <subfield code="v">no 282</subfield>
      </datafield>
      <datafield tag="490" ind1="1" ind2=" ">
         <subfield code="a">Études urbaines,</subfield>
         <subfield code="x">1110-2497 ;</subfield>
         <subfield code="v">no 9</subfield>
      </datafield>
      <datafield tag="504" ind1=" " ind2=" ">
         <subfield code="a">Includes bibliographical references (v. 4, p. [1171]-1245).</subfield>
      </datafield>
      <datafield tag="546" ind1=" " ind2=" ">
         <subfield code="a">French or English.</subfield>
      </datafield>
      <datafield tag="505" ind1="0" ind2="0">
         <subfield code="g">[t.] 1.</subfield>
         <subfield code="t">Introduction /</subfield>
         <subfield code="r">Boussac, Marie-Françoise --</subfield>
         <subfield code="r">Denoix, Sylvie --</subfield>
         <subfield code="r">Fournet, Thibaud --</subfield>
         <subfield code="r">Redon, Bérangère.</subfield>
         <subfield code="g">1.</subfield>
         <subfield code="t">La pierre, l'eau, l'air, le feu.</subfield>
         <subfield code="g">1.1.</subfield>
         <subfield code="t">Corpus, inventaires et typologies.</subfield>
         <subfield code="t">Avant les bains collectifs : eau, hygiène et rites au Proche-Orient ancien (IVe-Ier millénaire av. J.-C.) /</subfield>
         <subfield code="r">Muller, Béatrice --</subfield>
         <subfield code="r">Cavigneaux, Antoine --</subfield>
         <subfield code="r">Margueron, Jean-Claude --</subfield>
         <subfield code="t">Thermes et balaneia en Hispanie : un état de la question /</subfield>
         <subfield code="r">Peréx, María J. [and 4 others] --</subfield>
         <subfield code="t">Ancient baths in Cyprus /</subfield>
         <subfield code="r">Christodoulou, Sekvi --</subfield>
         <subfield code="t">The Hammams of Nicosia, Cyprus /</subfield>
         <subfield code="r">Rizopoulou-Egoumenidou, Euphrosyne --</subfield>
         <subfield code="t">Architectural and technical aspects regarding the construction of Hammams in Ottoman Greece /</subfield>
         <subfield code="r">Kanetaki, Eleni --</subfield>
         <subfield code="t">Les hammams dans les villes de province en Égypte du temps d’Evliya Çelebi (seconde moitié du XVIIe s.) /</subfield>
         <subfield code="r">Tuchscherer, Michel --</subfield>
         <subfield code="t">Les hammams de Tripoli à l’époque ottomane à travers les archives des tribunaux (XVIIe-XVIIIe s.) /</subfield>
         <subfield code="r">Hoblos, Farouk --</subfield>
         <subfield code="t">Ottoman baths in Syria? A preliminary study of bathhouses in 16th century Ottoman Külliye in the province of Damascus /</subfield>
         <subfield code="r">Boqvist, Marianne --</subfield>
         <subfield code="t">Les hammams en Arabie centrale : aperçu historique VIIe-début XXe s. /</subfield>
         <subfield code="r">'Abd al-Malik, Sami Saleh --</subfield>
         <subfield code="t">Le hammam au Yémen. Aménagement, organisation et fonctionnement /</subfield>
         <subfield code="r">Darles, Christian --</subfield>
         <subfield code="t">Les bains algériens : architecture, fonctionnement et gestion. Entre apports andalous et modèles ottomans /</subfield>
         <subfield code="r">Chérif, Nabila.</subfield>
      </datafield>
      <datafield tag="505" ind1="0" ind2="0">
         <subfield code="g">[t.] 2.</subfield>
         <subfield code="g">1.2. Etudes archéologiques et architecturales.</subfield>
         <subfield code="t">The bath complex of the Serangeion in Piraeus : new perspectives of research /</subfield>
         <subfield code="r">Di Nicuolo, Carmelo --</subfield>
         <subfield code="t">Les bains de Tell el-Faraʿin/Bouto (Égypte) : rapport préliminaire (2008-2009) /</subfield>
         <subfield code="r">Lecuyot, Guy --</subfield>
         <subfield code="r">Redon, Bérangère --</subfield>
         <subfield code="t">Bath buildings in ancient Pergamon (Asia Minor) : a short overview /</subfield>
         <subfield code="r">Japp, Sarah --</subfield>
         <subfield code="t">Les thermes de Gabala (Jablé – Syrie) /</subfield>
         <subfield code="r">Badawi, Massoud --</subfield>
         <subfield code="t">The Roman bath at Baalbek /</subfield>
         <subfield code="r">Brünenberg, Clemens --</subfield>
         <subfield code="t">Les bains du quartier nord-est d’Apamée : résultats préliminaires /</subfield>
         <subfield code="r">Paridaens, Nicolas --</subfield>
         <subfield code="r">Vannesse, Michaël --</subfield>
         <subfield code="t">Les bains de L. Iulius Agrippa à Apamée de Syrie /</subfield>
         <subfield code="r">Khoury, Nadim --</subfield>
         <subfield code="t">Les thermes romains d’Érythron en Cyrénaïque /</subfield>
         <subfield code="r">Michel, Vincent --</subfield>
         <subfield code="t">Le complexe monumental de Tyr et les grands thermes de la fin du IVe s. /</subfield>
         <subfield code="r">Charpentier, Gérard --</subfield>
         <subfield code="r">Duvette, Catherine --</subfield>
         <subfield code="t">Étude comparative des deux bains de l’hippodrome de Tyr /</subfield>
         <subfield code="r">Kahwagi-Janho, Hany --</subfield>
         <subfield code="t">Les bains de Télanissos, entre village et sanctuaire /</subfield>
         <subfield code="r">Biscop, Jean-Luc --</subfield>
         <subfield code="r">Blanc, Pierre-Marie --</subfield>
         <subfield code="t">The thermal building of the sanctuary of Saint Philip in Hierapolis (Phrygia, Turkey) /</subfield>
         <subfield code="r">Caggia, Maria Piera --</subfield>
         <subfield code="t">Les bains d’al-Kilībiyya /</subfield>
         <subfield code="r">As'ad, Waleed --</subfield>
         <subfield code="t">Les bains d’al-Bāra (2008-2010) /</subfield>
         <subfield code="r">Charpentier, Gérard --</subfield>
         <subfield code="t">Rapport préliminaire sur les bains de l’Antiquité tardive à Sura (Syrie, Moyen Euphrate) /</subfield>
         <subfield code="r">Othman, Ali --</subfield>
         <subfield code="t">A bath from late antiquity discovered in Khirbat al-Maqṣūrah (Ḍumayr, Syria) /</subfield>
         <subfield code="r">Omeri, Ibrahim --</subfield>
         <subfield code="t">Des bains à Qinnasrīn/al-ʿIs (Syrie) : premier rapport préliminaire /</subfield>
         <subfield code="r">Rousset, Marie-Odile --</subfield>
         <subfield code="r">Rochette, Marie --</subfield>
         <subfield code="t">Two medieval baths in the city of Baalbek /</subfield>
         <subfield code="r">Mathyschok, Natascha --</subfield>
         <subfield code="t">Crusader and Mamluk Ḥammām-s in al-Marqab /</subfield>
         <subfield code="r">Buzás, Gergely --</subfield>
         <subfield code="r">Major, Balázs.</subfield>
      </datafield>
      <datafield tag="505" ind1="0" ind2="0">
         <subfield code="g">1.3.</subfield>
         <subfield code="t">Histoire des techniques.</subfield>
         <subfield code="t">L’étude de travertins carbonatés du sanctuaire de Jebel Oust (Tunisie) : Une contribution à l’analyse diachronique, fonctionnelle et architecturale des thermes /</subfield>
         <subfield code="r">Broise, Henri --</subfield>
         <subfield code="r">Curie, Julien --</subfield>
         <subfield code="t">The bath at Ǧabal Says : brief reflections on function and water use /</subfield>
         <subfield code="r">Bloch, Franziska --</subfield>
         <subfield code="t">Gestion et utilisation des combustibles végétaux dans les structures thermales : études carpologiques et anthracologiques de cinq thermes d’époque byzantine et omeyyade au Proche-Orient /</subfield>
         <subfield code="r">Bouchaud, Charlène --</subfield>
         <subfield code="t">Faire feu de tout bois : l’utilisation des os et des déjections animales comme combustible dans les thermes byzantins de Bosra (Syrie du Sud) /</subfield>
         <subfield code="r">Fournet, Thibaud --</subfield>
         <subfield code="r">Lepetz, Sébastien --</subfield>
         <subfield code="t">Ḥammām ʿEzzedīne, Tripoli : les enjeux d’une restauration /</subfield>
         <subfield code="r">Yasmine, Jean --</subfield>
         <subfield code="r">Hindi, Fadi.</subfield>
      </datafield>
      <datafield tag="505" ind1="0" ind2="0">
         <subfield code="g">[t.] 3.</subfield>
         <subfield code="g">2.</subfield>
         <subfield code="t">Contextes urbains et économiques.</subfield>
         <subfield code="g">2.1.</subfield>
         <subfield code="t">Bain, ville, pouvoir et élites.</subfield>
         <subfield code="t">Bains et histoire urbaine : l’exemple d’Antioche sur l’Oronte dans l’Antiquité /</subfield>
         <subfield code="r">Saliou, Catherine --</subfield>
         <subfield code="t">Les bains d’apparat des résidences urbaines du Proche-Orient aux époques byzantine et omeyyade /</subfield>
         <subfield code="r">Piraud-Fournet, Pauline --</subfield>
         <subfield code="t">Hammams et fortifications dans le Bilād al-Shām : quelques remarques sur trois bains des périodes ayyoubide et mamelouke /</subfield>
         <subfield code="r">Yovitchitch, Cyril --</subfield>
         <subfield code="t">Le hammam, un outil de promotion urbaine dans les villes du domaine mamelouk (Le Caire, Damas, Alep) /</subfield>
         <subfield code="r">Denizeau, Valentine --</subfield>
         <subfield code="t">Bathhouses in the countryside of Ottoman Damascus : a preliminary enquiry /</subfield>
         <subfield code="r">Meier, Astrid --</subfield>
         <subfield code="t">Les hammams des gouverneurs de Damas à l’époque ottomane (XVIe-XVIIIe s.) : constructions, gestion et restaurations /</subfield>
         <subfield code="r">Marino, Brigitte --</subfield>
         <subfield code="t">Le hammam, du public à l’intime : mort annoncée et nécessaire évolution – Le cas d’Alep /</subfield>
         <subfield code="r">David, Jean-Claude --</subfield>
         <subfield code="r">Mounif, Hani.</subfield>
         <subfield code="g">2.2.</subfield>
         <subfield code="t">L'économie du bain.</subfield>
         <subfield code="t">L’État aux bains : terminologie fiscale et gestion étatique des bains collectifs dans l’Égypte hellénistique et romaine d’après la documentation papyrologique grecque /</subfield>
         <subfield code="r">Blouin, Katherine --</subfield>
         <subfield code="t">Le prix de l’entrée au bain en Égypte hellénistique et romaine d’après les données textuelles et numismatiques /</subfield>
         <subfield code="r">Faucher, Thomas --</subfield>
         <subfield code="r">Redon, Bérangère --</subfield>
         <subfield code="t">Baths in Roman and Byzantine Egypt : evidence from the papyri /</subfield>
         <subfield code="r">Strobel, Karl --</subfield>
         <subfield code="t">Les hammams d’Alep à l’époque ottomane (XVIIIe-XIXe s.) : quelques aspects économiques d’une institution urbaine à travers l’exemple du Ḥammām Raqbān /</subfield>
         <subfield code="r">Knost, Stefan.</subfield>
      </datafield>
      <datafield tag="505" ind1="0" ind2="0">
         <subfield code="g">[t.] 4.</subfield>
         <subfield code="g">3.</subfield>
         <subfield code="t">Pratiques et normes.</subfield>
         <subfield code="g">3.1.</subfield>
         <subfield code="t">Ustensiles et cosmétiques.</subfield>
         <subfield code="t">Comment définir et utiliser des détergents dans le balneum? L’exemple du "nitre" à l’époque romaine /</subfield>
         <subfield code="r">Blonski, Michel --</subfield>
         <subfield code="t">L’exposition Le bain et le miroir : un mariage inédit des disciplines pour la connaissance de la toilette et des produits cosmétiques dans l’Antiquité /</subfield>
         <subfield code="r">Bardiès-Fronty, Isabelle --</subfield>
         <subfield code="t">Matières et préparations cosmétiques pour le maquillage durant l’Antiquité /</subfield>
         <subfield code="r">Van Elslande, Elsa --</subfield>
         <subfield code="r">Walter, Philippe --</subfield>
         <subfield code="t">Analyse chimique organique du contenu de céramiques provenant des thermes de Bosra : vers une nouvelle approche des pratiques antiques /</subfield>
         <subfield code="r">Blanc, Pierre-Marie --</subfield>
         <subfield code="r">Garnier, Nicolas --</subfield>
         <subfield code="t">Les ustensiles du hammam : Damas, Hama, Alep (XVIIIe-XXe s.) /</subfield>
         <subfield code="r">Hafteh, Georgina --</subfield>
         <subfield code="r">Pascual, Jean-Paul --</subfield>
         <subfield code="t">Naplouse, Alep : des "villes du savon" /</subfield>
         <subfield code="r">Bontemps, Véroniques.</subfield>
         <subfield code="g">3.2.</subfield>
         <subfield code="t">Hygiène et thérapeutique : prescriptions et proscriptions.</subfield>
         <subfield code="t">Chrétiens, rabbins, païens dans le même bain ? Les bains dans l’Orient romain (IVe-VIIe s.) ou comment s’en accommoder /</subfield>
         <subfield code="r">Bady, Guillaume --</subfield>
         <subfield code="r">Foschia, Laurence --</subfield>
         <subfield code="t">Public baths in Islamic law /</subfield>
         <subfield code="r">Melchert, Christopher --</subfield>
         <subfield code="t">Quelques aspects du bain dans la médecine arabe médiévale : conservation et restauration de la santé /</subfield>
         <subfield code="r">Koetschet, Pauline --</subfield>
         <subfield code="t">Un discours sur le hammam au XVIe s. : pratique médicale et expression d’une norme savante /</subfield>
         <subfield code="r">Denoix, Sylvie --</subfield>
         <subfield code="t">Pratiques de hammam et culture citadine chez les jeunes femmes de Sanaa : persistances et évolutions /</subfield>
         <subfield code="r">Limorté, Sarah.</subfield>
      </datafield>
      <datafield tag="505" ind1="0" ind2="0">
         <subfield code="g">3.3.</subfield>
         <subfield code="t">Le bain et ses reflets.</subfield>
         <subfield code="t">Remarques sur la représentation du bain dans les peintures des manuscrits islamiques /</subfield>
         <subfield code="r">Brac de la Perrière, Eloise --</subfield>
         <subfield code="t">Les rêveries d’un lettré yéménite sur le hammam : les aspects sociaux et artistiques dans le discours sur le hammam dans Ḥadāʾiq al-nammām fī l-kalām ʿalā mā yataʿallaq bi-l-ḥammām de Aḥmad b. Muḥammad al-Ḥaymī al-Kawkabānī (m. 1153/1741) /</subfield>
         <subfield code="r">Audebert, Claude --</subfield>
         <subfield code="r">Bakhouch, Mohamed --</subfield>
         <subfield code="t">Mésaventures au hammam /</subfield>
         <subfield code="r">Zakharia, Katia --</subfield>
         <subfield code="t">Le jeu de la transgression : le hammam comme lieu de création littéraire chez Abdelwahab Meddeb /</subfield>
         <subfield code="r">Amadessi, Veronica --</subfield>
         <subfield code="t">L’eau, entre imaginaire et pratiques sociales autour du Bassin méditerranéen /</subfield>
         <subfield code="r">Boëtsch, Gilles --</subfield>
         <subfield code="r">Tamarozzi, Federica.</subfield>
         <subfield code="g">Bibliography.</subfield>
         <subfield code="t">Etudes --</subfield>
         <subfield code="t">Sources antiques --</subfield>
         <subfield code="t">Sources arabes et turques médiévales et modernes --</subfield>
         <subfield code="t">Sources occidentales médiévales et modernes.</subfield>
      </datafield>
      <datafield tag="650" ind1=" " ind2="0">
         <subfield code="a">Public baths</subfield>
         <subfield code="z">Egypt</subfield>
         <subfield code="v">Congresses.</subfield>
      </datafield>
      <datafield tag="650" ind1=" " ind2="0">
         <subfield code="a">Public baths</subfield>
         <subfield code="z">Arabian peninsula</subfield>
         <subfield code="v">Congresses.</subfield>
      </datafield>
      <datafield tag="650" ind1=" " ind2="0">
         <subfield code="a">Public baths</subfield>
         <subfield code="z">Middle East</subfield>
         <subfield code="v">Congresses.</subfield>
      </datafield>
      <datafield tag="651" ind1=" " ind2="0">
         <subfield code="a">Arabian Peninsula</subfield>
         <subfield code="x">Antiquities</subfield>
         <subfield code="v">Congresses.</subfield>
      </datafield>
      <datafield tag="651" ind1=" " ind2="0">
         <subfield code="a">Middle East</subfield>
         <subfield code="x">Antiquities</subfield>
         <subfield code="v">Congresses.</subfield>
      </datafield>
      <datafield tag="650" ind1=" " ind2="0">
         <subfield code="a">Egypt</subfield>
         <subfield code="x">Antiquities</subfield>
         <subfield code="v">Congresses.</subfield>
      </datafield>
      <datafield tag="700" ind1="1" ind2=" ">
         <subfield code="a">Boussac, Marie-Françoise</subfield>
         <subfield code="e">editor of compilation.</subfield>
      </datafield>
      <datafield tag="700" ind1="1" ind2=" ">
         <subfield code="a">Denoix, Sylvie</subfield>
         <subfield code="e">editor of compilation.</subfield>
      </datafield>
      <datafield tag="700" ind1="1" ind2=" ">
         <subfield code="a">Fournet, Thibaud</subfield>
         <subfield code="e">editor of compilation.</subfield>
      </datafield>
      <datafield tag="700" ind1="1" ind2=" ">
         <subfield code="a">Redon, Bérangère</subfield>
         <subfield code="e">editor of compilation.</subfield>
      </datafield>
      <datafield tag="710" ind1="2" ind2=" ">
         <subfield code="a">Institut français d'archéologie orientale du Caire,</subfield>
         <subfield code="e">issuing body.</subfield>
      </datafield>
      <datafield tag="710" ind1="2" ind2=" ">
         <subfield code="a">Institut français du Proche-Orient,</subfield>
         <subfield code="e">issuing body.</subfield>
      </datafield>
      <datafield tag="830" ind1=" " ind2="0">
         <subfield code="a">Publications de l'I.F.E.A.D. ;</subfield>
         <subfield code="v">no 282</subfield>
      </datafield>
      <datafield tag="830" ind1=" " ind2="0">
         <subfield code="a">Etudes urbaines (Cairo, Egypt) ;</subfield>
         <subfield code="v">no 9.</subfield>
      </datafield>
      <datafield tag="OWN" ind1=" " ind2=" ">
         <subfield code="a">GENERAL</subfield>
      </datafield>
      <datafield tag="901" ind1=" " ind2=" ">
         <subfield code="a">172.00 US Dollars</subfield>
      </datafield>
      <datafield tag="910" ind1=" " ind2=" ">
         <subfield code="b">LEILA</subfield>
      </datafield>
      <datafield tag="980" ind1=" " ind2=" ">
         <subfield code="e">172.00</subfield>
         <subfield code="f">13290</subfield>
      </datafield>
      <datafield tag="AVA" ind1=" " ind2=" ">
         <subfield code="a">NYU50</subfield>
         <subfield code="b">BOBST</subfield>
         <subfield code="c">Main Collection</subfield>
         <subfield code="e">unavailable</subfield>
         <subfield code="t">Unavailable</subfield>
         <subfield code="f">4</subfield>
         <subfield code="g">4</subfield>
         <subfield code="h">N</subfield>
         <subfield code="i">0</subfield>
         <subfield code="j">MAIN</subfield>
      </datafield>
      <datafield tag="AVA" ind1=" " ind2=" ">
         <subfield code="a">NYU50</subfield>
         <subfield code="b">NISAW</subfield>
         <subfield code="c">Oversize Collection</subfield>
         <subfield code="d">GT2846.M628 C65 2009</subfield>
         <subfield code="e">available</subfield>
         <subfield code="t">Available</subfield>
         <subfield code="f">4</subfield>
         <subfield code="g">0</subfield>
         <subfield code="h">Y</subfield>
         <subfield code="i">0</subfield>
         <subfield code="j">OVERZ</subfield>
         <subfield code="k">0</subfield>
      </datafield>
      <marc:datafield tag="852" ind1=" " ind2=" ">
         <marc:subfield code="b">Institute for the Study of the Ancient World, </marc:subfield>
         <marc:subfield code="c">Oversize Collection</marc:subfield>
         <marc:subfield code="e">15 East 84th St., </marc:subfield>
         <marc:subfield code="e">New York, NY  10028</marc:subfield>
      </marc:datafield>
   </record>