
  
  
  
  
  
  
  
 
  
  <record xsi:schemaLocation="http://www.loc.gov/MARC21/slim http://www.loc.gov/standards/marcxml/schema/MARC21slim.xsd">
      <leader>00000cam  2200493 a 4500</leader>
      <controlfield tag="FMT">BK</controlfield>
      <controlfield tag="LDR">00000cam  2200493 a 4500</controlfield>
      <controlfield tag="001">004074808</controlfield>
      <controlfield tag="003">OCoLC</controlfield>
      <controlfield tag="005">20141202151327.0</controlfield>
      <controlfield tag="008">141202s2010    cc ab    b    000 0 chi d</controlfield>
      <datafield tag="010" ind1=" " ind2=" ">
         <subfield code="a">2011368999</subfield>
      </datafield>
      <datafield tag="020" ind1=" " ind2=" ">
         <subfield code="a">9787030297136</subfield>
      </datafield>
      <datafield tag="020" ind1=" " ind2=" ">
         <subfield code="a">703029713X</subfield>
      </datafield>
      <datafield tag="035" ind1=" " ind2=" ">
         <subfield code="a">(OCoLC)712463254</subfield>
         <subfield code="z">(OCoLC)713003621</subfield>
      </datafield>
      <datafield tag="040" ind1=" " ind2=" ">
         <subfield code="a">HNK</subfield>
         <subfield code="b">eng</subfield>
         <subfield code="c">HNK</subfield>
         <subfield code="d">HNK</subfield>
         <subfield code="d">LNN</subfield>
         <subfield code="d">OCLCO</subfield>
         <subfield code="d">ZYU</subfield>
         <subfield code="d">NNU</subfield>
      </datafield>
      <datafield tag="043" ind1=" " ind2=" ">
         <subfield code="a">a-cc---</subfield>
      </datafield>
      <datafield tag="050" ind1=" " ind2="4">
         <subfield code="a">CC79.5.H85</subfield>
         <subfield code="b">Z46 2010</subfield>
      </datafield>
      <datafield tag="066" ind1=" " ind2=" ">
         <subfield code="c">$1</subfield>
      </datafield>
      <datafield tag="245" ind1="0" ind2="0">
         <subfield code="6">880-01</subfield>
         <subfield code="a">Zhongguo bei fang gu dai ren qun xian li ti DNA yan jiu /</subfield>
         <subfield code="c">Jilin da xue bian jiang kao gu yan jiu zhong xin, Dong bei ya sheng wu yan hua yu huan jing jiao yu bu zhong dian shi yan shi, Jilin da xue sheng ming ke xue xue yuan bian ; Zhou Hui zhu bian.</subfield>
      </datafield>
      <datafield tag="250" ind1=" " ind2=" ">
         <subfield code="6">880-02</subfield>
         <subfield code="a">Di 1 ban.</subfield>
      </datafield>
      <datafield tag="260" ind1=" " ind2=" ">
         <subfield code="6">880-03</subfield>
         <subfield code="a">Beijing :</subfield>
         <subfield code="b">Ke xue chu ban she,</subfield>
         <subfield code="c">2010.</subfield>
      </datafield>
      <datafield tag="300" ind1=" " ind2=" ">
         <subfield code="a">viii, 172 p. :</subfield>
         <subfield code="b">ill., maps ;</subfield>
         <subfield code="c">25 cm.</subfield>
      </datafield>
      <datafield tag="504" ind1=" " ind2=" ">
         <subfield code="a">Includes bibliographical references.</subfield>
      </datafield>
      <datafield tag="520" ind1=" " ind2=" ">
         <subfield code="6">880-04</subfield>
         <subfield code="a">"Ben shu shi Jilin da xue DNA shi yan shi 2006 nian yi lai yu bei fang gu dai ren qun DNA yan jiu you guan de bo shi lun wen hui bian. Shu zhong shou xian jiao yao jie shao le DNA yan jiu de yuan li, fang fa yu xian zhuang. Ran hou zhong dian chan shu le ben shi yan shi guan yu Xinjiang Talimu Pendi gu dai ren qun (Shapula yi zhi, Yuansha yi zhi he Niya yi zhi), Nei Menggu zhong nan bu gu dai ren qun (Zhukaigou mu di, Jiangjungou mu di, Yinniugou mu di, Xindianzi mu di, Chengbuzi yi zhi, Yikeshu mu di he Zhanzishan mu di), Qinghai Liaoning Shanxi Diqu chu tu gu ren gu (Qinghai Lajia yi zhi, Liaoning Lamadong mu di, Shanxi Yuhong ji fu ren mu), Tuoba Xianbei ren qun (Dongdajing mu di he Qilangshan mu di) yi ji Liao dai Qidan ren qun (Xiaohe jia zu mu di, Shang du liao mu, Jianshan Liao mu, Yeluyuzhi jia zu mu di, Tuerji Liao mu he Shanzuizi Liao mu) de xian li ti DNA yan jiu nei rong. Dui zhe xie di qu gu fen lei de yi chuan jie gou, qi yuan, qian xi, ji yin jiao liu deng wen ti jin xing le shen ru de tan tao."-- From preface.</subfield>
      </datafield>
      <datafield tag="650" ind1=" " ind2="0">
         <subfield code="a">Human remains (Archaeology)</subfield>
         <subfield code="z">China</subfield>
         <subfield code="6">880-05</subfield>
      </datafield>
      <datafield tag="650" ind1=" " ind2="0">
         <subfield code="a">Mitochondrial DNA</subfield>
         <subfield code="x">Analysis.</subfield>
      </datafield>
      <datafield tag="650" ind1=" " ind2="0">
         <subfield code="a">DNA, Fossil</subfield>
         <subfield code="x">Analysis.</subfield>
      </datafield>
      <datafield tag="700" ind1="1" ind2=" ">
         <subfield code="6">880-06</subfield>
         <subfield code="a">Zhou, Hui,</subfield>
         <subfield code="d">1954-</subfield>
      </datafield>
      <datafield tag="710" ind1="2" ind2=" ">
         <subfield code="a">Jilin da xue.</subfield>
         <subfield code="b">Bian jiang kao gu yan jiu zhong xin</subfield>
         <subfield code="6">880-07</subfield>
      </datafield>
      <datafield tag="710" ind1="2" ind2=" ">
         <subfield code="6">880-08</subfield>
         <subfield code="a">Dong bei Ya sheng wu yan hua yu huan jing jiao yu bu zhong dian shi yan shi.</subfield>
      </datafield>
      <datafield tag="710" ind1="2" ind2=" ">
         <subfield code="6">880-09</subfield>
         <subfield code="a">Jilin da xue.</subfield>
         <subfield code="b">Sheng ming ke xue xue yuan.</subfield>
      </datafield>
      <datafield tag="880" ind1="0" ind2="0">
         <subfield code="6">245-01/</subfield>
         <subfield code="a">中国北方古代人群线粒体DNA研究 /</subfield>
         <subfield code="c">吉林大学边疆考古研究中心, 东北亚生物演化与环境教育部重点实验室, 吉林大学生命科学学院编 ; 周慧主编.</subfield>
      </datafield>
      <datafield tag="880" ind1=" " ind2=" ">
         <subfield code="6">250-02/</subfield>
         <subfield code="a">第1版.</subfield>
      </datafield>
      <datafield tag="880" ind1=" " ind2=" ">
         <subfield code="6">260-03/</subfield>
         <subfield code="a">北京 :</subfield>
         <subfield code="b">科学出版社,</subfield>
         <subfield code="c">2010.</subfield>
      </datafield>
      <datafield tag="880" ind1=" " ind2=" ">
         <subfield code="6">520-04/</subfield>
         <subfield code="a">"本书是吉林大学古DNA实验室2006年以来与北方古代人群DNA研究有关的博士论文汇编。书中首先简要介绍了古DNA研究的原理、方法与现状。然后重点阐述了本实验室关于新疆塔里木盆地古代人群（山普拉遗址、圆沙遗址和尼雅遗址）、内蒙古中南部古代人群（朱开沟墓地、将军沟墓地、饮牛沟墓地、新店子墓地、城卜子遗址、一棵树墓地和砧子山墓地）、青海辽宁山西地区出土古人骨（青海喇家遗址、辽宁喇嘛洞墓地、山西虞弘及夫人墓）、拓跋鲜卑人群（东大井东墓地和七郎山墓地），以及辽代契丹人群（萧和家族墓地、商都辽墓、尖山辽墓、耶律羽之家族墓地、吐尔基辽墓和山嘴子辽墓）的线粒体DNA研究内容。对这些地区古代人群的遗传结构、起源、迁徙、基因交流等问题进行了深入的探讨." -- From preface.</subfield>
      </datafield>
      <datafield tag="880" ind1=" " ind2="4">
         <subfield code="6">650-05/</subfield>
         <subfield code="a">Human remains (Archaeology)</subfield>
         <subfield code="z">中国.</subfield>
      </datafield>
      <datafield tag="880" ind1="1" ind2=" ">
         <subfield code="6">700-06/</subfield>
         <subfield code="a">周慧,</subfield>
         <subfield code="d">1954-</subfield>
      </datafield>
      <datafield tag="880" ind1="2" ind2=" ">
         <subfield code="6">710-07/</subfield>
         <subfield code="a">吉林大学.</subfield>
         <subfield code="b">边疆考古研究中心.</subfield>
      </datafield>
      <datafield tag="880" ind1="2" ind2=" ">
         <subfield code="6">710-08/</subfield>
         <subfield code="a">东北亚生物演化与环境教育部重点实验室.</subfield>
      </datafield>
      <datafield tag="880" ind1="2" ind2=" ">
         <subfield code="6">710-09/</subfield>
         <subfield code="a">吉林大学.</subfield>
         <subfield code="b">生命科学学院.</subfield>
      </datafield>
      <datafield tag="994" ind1=" " ind2=" ">
         <subfield code="a">Z0</subfield>
         <subfield code="b">ZYU</subfield>
      </datafield>
      <datafield tag="OWN" ind1=" " ind2=" ">
         <subfield code="a">GENERAL</subfield>
      </datafield>
      <datafield tag="AVA" ind1=" " ind2=" ">
         <subfield code="a">NYU50</subfield>
         <subfield code="b">NISAW</subfield>
         <subfield code="c">Small Collection</subfield>
         <subfield code="d">CC79.5.H85 Z46 2010</subfield>
         <subfield code="e">available</subfield>
         <subfield code="t">Available</subfield>
         <subfield code="f">1</subfield>
         <subfield code="g">0</subfield>
         <subfield code="h">N</subfield>
         <subfield code="i">0</subfield>
         <subfield code="j">SMALL</subfield>
         <subfield code="k">0</subfield>
      </datafield>
      <marc:datafield tag="852" ind1=" " ind2=" ">
         <marc:subfield code="b">Institute for the Study of the Ancient World, </marc:subfield>
         <marc:subfield code="c">Small Collection</marc:subfield>
         <marc:subfield code="e">15 East 84th St., </marc:subfield>
         <marc:subfield code="e">New York, NY  10028</marc:subfield>
      </marc:datafield>
   </record>