
  
  
  
  
  
 
  
  <record xsi:schemaLocation="http://www.loc.gov/MARC21/slim http://www.loc.gov/standards/marcxml/schema/MARC21slim.xsd">
      <leader>00000cam  2200649 a 4500</leader>
      <controlfield tag="FMT">BK</controlfield>
      <controlfield tag="LDR">00000cam  2200649 a 4500</controlfield>
      <controlfield tag="001">004074743</controlfield>
      <controlfield tag="003">OCoLC</controlfield>
      <controlfield tag="005">20141202114557.0</controlfield>
      <controlfield tag="008">141202s2010    cc a     b    100 0 chi d</controlfield>
      <datafield tag="020" ind1=" " ind2=" ">
         <subfield code="a">9787030288967</subfield>
      </datafield>
      <datafield tag="020" ind1=" " ind2=" ">
         <subfield code="a">7030288963</subfield>
      </datafield>
      <datafield tag="035" ind1=" " ind2=" ">
         <subfield code="a">(OCoLC)671601797</subfield>
      </datafield>
      <datafield tag="040" ind1=" " ind2=" ">
         <subfield code="a">CNPIT</subfield>
         <subfield code="b">eng</subfield>
         <subfield code="c">CNPIT</subfield>
         <subfield code="d">HUA</subfield>
         <subfield code="d">OCL</subfield>
         <subfield code="d">PIT</subfield>
         <subfield code="d">OCLCA</subfield>
         <subfield code="d">OCLCQ</subfield>
         <subfield code="d">OCLCA</subfield>
         <subfield code="d">OCLCF</subfield>
         <subfield code="d">OCLCO</subfield>
         <subfield code="d">ZYU</subfield>
         <subfield code="d">NNU</subfield>
      </datafield>
      <datafield tag="043" ind1=" " ind2=" ">
         <subfield code="a">a-cc-kn</subfield>
      </datafield>
      <datafield tag="050" ind1=" " ind2="4">
         <subfield code="a">DS793.S644</subfield>
         <subfield code="b">X525 2010</subfield>
      </datafield>
      <datafield tag="066" ind1=" " ind2=" ">
         <subfield code="c">$1</subfield>
      </datafield>
      <datafield tag="111" ind1="2" ind2=" ">
         <subfield code="6">880-01</subfield>
         <subfield code="a">Xi Han Nanyue guo kao gu yu Han wen hua guo ji xue shu yan tao hui</subfield>
         <subfield code="d">(2008 :</subfield>
         <subfield code="c">Guangzhou Shi, China)</subfield>
      </datafield>
      <datafield tag="245" ind1="1" ind2="0">
         <subfield code="6">880-02</subfield>
         <subfield code="a">Xi Han Nanyue guo kao gu yu Han wen hua /</subfield>
         <subfield code="c">Zhongguo she hui ke xue yuan kao gu yan jiu suo, Guangzhou Shi wen wu kao gu yan jiu suo bian.</subfield>
      </datafield>
      <datafield tag="250" ind1=" " ind2=" ">
         <subfield code="6">880-03</subfield>
         <subfield code="a">Di 1 ban.</subfield>
      </datafield>
      <datafield tag="260" ind1=" " ind2=" ">
         <subfield code="6">880-04</subfield>
         <subfield code="a">Beijing :</subfield>
         <subfield code="b">Ke xue chu ban she,</subfield>
         <subfield code="c">2010.</subfield>
      </datafield>
      <datafield tag="300" ind1=" " ind2=" ">
         <subfield code="a">472 p. :</subfield>
         <subfield code="b">ill. ;</subfield>
         <subfield code="c">26 cm.</subfield>
      </datafield>
      <datafield tag="500" ind1=" " ind2=" ">
         <subfield code="a">Conference held Dec. 4-6, 2008 in Guangzhou, China.</subfield>
      </datafield>
      <datafield tag="504" ind1=" " ind2=" ">
         <subfield code="a">Includes bibliographical references.</subfield>
      </datafield>
      <datafield tag="520" ind1=" " ind2=" ">
         <subfield code="6">880-05</subfield>
         <subfield code="a">Ben shu shou ji le zai Guangzhou Shi ju xing de Xi Han Nanyue Guo kao gu yu han wen hua hui yi de 37 pian lun wen, nei rong she ji Xi Han Nanyue Guo de kao gu, fa jue, yan jiu ji you guan han wen hua de xiang guan wen zhang, ti xian le Xi Han Nanyue Guo de zui xin ke yan jiu cheng guo ji han wen hua yan jiu de zui xin jin zhan.</subfield>
      </datafield>
      <datafield tag="505" ind1="0" ind2="0">
         <subfield code="6">880-06</subfield>
         <subfield code="g">Shang bian.</subfield>
         <subfield code="t">Zai “Xi Han Nanyue Guo kao gu yu han wen hua guo ji xue shu yan tao hui” kai mu shi shang de zhi ci /</subfield>
         <subfield code="r">Zhao Nanxian --</subfield>
         <subfield code="t">Zai “Xi Han Nanyue Guo kao gu yu han wen hua guo ji xue shu yan tao hui” kai mu shi shang de zhi ci/</subfield>
         <subfield code="r">Qi Zhaoye --</subfield>
         <subfield code="t">Zai “Xi Han Nanyue Guo kao gu yu han wen hua guo ji xue shu yan tao hui” kai mu shi shang de jian ghua /</subfield>
         <subfield code="r">Jin Baoping --</subfield>
         <subfield code="t">Zai “Xi Han Nanyue Guo kao gu yu han wen hua guo ji xue shu yan tao hui” kai mu shi shang de jiang hua /</subfield>
         <subfield code="r">Chai Xiaoming --</subfield>
         <subfield code="t">Zai “Xi Han Nanyue Guo kao gu yu han wen hua guo ji xue shu yan tao hui” kai mu shi shang de zong jie jiang hua /</subfield>
         <subfield code="r">Bai Yunxiang --</subfield>
         <subfield code="t">Zai “Xi Han Nanyue Guo kao gu yu han wen hua guo ji xue shu yan tao hui” bi mu shi shang de zhi ci/</subfield>
         <subfield code="r">Chen Yuhuang --</subfield>
         <subfield code="t">“Xi Han Nanyue Guo kao gu yu han wen hua guo ji xue shu yan tao hui” ji yao /</subfield>
         <subfield code="r">Hong Shi, Yi Xibing --</subfield>
      </datafield>
      <datafield tag="505" ind1="0" ind2="0">
         <subfield code="6">880-07</subfield>
         <subfield code="t">Kao gu fa xian de Nanyue Guo shi ji yu Guangzhou zao qi li shi /</subfield>
         <subfield code="r">Feng Yongqu --</subfield>
         <subfield code="t">Guangxi fa xian de Nanyue Guo yi ji ping shu /</subfield>
         <subfield code="r">Xiong Zhaoming --</subfield>
         <subfield code="t">Xianggang Han dai kao gu fa xian yu yan jiu /</subfield>
         <subfield code="r">Zhu Hairen --</subfield>
         <subfield code="t">Nanyue Guo shi qi Fanyu cheng xiang guan wen ti de tan tao /</subfield>
         <subfield code="r">Xu Longguo --</subfield>
         <subfield code="t">Cong kao gu fa xian tan Nanyue Guo du cheng de jian zhu te dian /</subfield>
         <subfield code="r">Hu Jian --</subfield>
         <subfield code="t">Lüe lun Nanyue Guo de qing tong ye zhu ye /</subfield>
         <subfield code="r">Jiang Tingyu --</subfield>
         <subfield code="t">Xi Han Nanyue wang de si lu yu yi zai yan jiu /</subfield>
         <subfield code="r">Wang Wenjian --</subfield>
         <subfield code="t">Guangdong chu tu Qin Han wa dang chu bu yan jiu /</subfield>
         <subfield code="r">Li Zaoxin --</subfield>
         <subfield code="t">"Shi ji", "Han shu" Nanyue zhuan de bi jiao /</subfield>
         <subfield code="r">Wu Lingyun --</subfield>
         <subfield code="t">Lun kai tuo Lingnan gong cheng Zhao Tuo she hui he xie si xiang yu shi jian /</subfield>
         <subfield code="r">Zhang Rongfang --</subfield>
         <subfield code="t">Shi lun Lingnan Diqu xian Qin zhi Han dai kao gu xue wen hua de bian qian /</subfield>
         <subfield code="r">Gao Chongwen --</subfield>
         <subfield code="t">Lingnan Diqu fa xian de Han dai bo lai jin yin qi shu lun /</subfield>
         <subfield code="r">Bai Yunxiang --</subfield>
         <subfield code="t">Lingnan Diqu chu tu de Han dai xun lu ji xun xiang xi su qi yuan qian yi /</subfield>
         <subfield code="r">Li Longzhang --</subfield>
         <subfield code="t">Mo xing ming qi sui miao hui de Han dai Lingnan Diqu de ri chang sheng huo /</subfield>
         <subfield code="r">(De) Xie Zang --</subfield>
      </datafield>
      <datafield tag="505" ind1="0" ind2="0">
         <subfield code="6">880-08</subfield>
         <subfield code="t">Yue Gui Dian Qian di qu Han dai wen hua zhong de xiang si yuan su /</subfield>
         <subfield code="r">Xiao Minghua --</subfield>
         <subfield code="t">Lun Han dai Lingnan yu Ba Shu Diqu de wen hua jiao liu：yi shuang ceng mu guo mu wei zhong xin de kao gu xue kao cha /</subfield>
         <subfield code="r">Luo Erhu, Li Xiao --</subfield>
         <subfield code="t">Minyue guo yu Nanyue guo jian zhu yong tao de bi jiao yan jiu：yi ji he yin wen pu di zhuan he wa dang wei li /</subfield>
         <subfield code="r">Yang Yong --</subfield>
         <subfield code="t">Nanyue Guo “Bu xing Han fa” de yi yi : Han dai “Wai zhu hou” de dian xing ge an fen xi /</subfield>
         <subfield code="r">Sun Jiazhou --</subfield>
         <subfield code="t">Lingnan Diqu yi min yu Han wen hua de kuo zhang /</subfield>
         <subfield code="r">Wang Zijin --</subfield>
         <subfield code="t">Jin gu yu tuo kun：Han Nanhai jun zhu wen ti yan jiu /</subfield>
         <subfield code="r">Liu Rui --</subfield>
         <subfield code="t">Qin Han shang lin yuan yi zhi kao gu fa xian yu yan jiu /</subfield>
         <subfield code="r">Liu Qingzhu, Li Yufang --</subfield>
         <subfield code="t">Dong Han Luoyang Cheng ling tai de kan cha yu xing zhi fa yuan /</subfield>
         <subfield code="r">Qian Guoxiang --</subfield>
         <subfield code="t">Xi'an xi jiao Datumen Cun li zhi jian zhu yi zhi de xing zhi /</subfield>
         <subfield code="r">Zhang Yibing --</subfield>
         <subfield code="t">Han du Chang'an de shou gong ye yu shi /</subfield>
         <subfield code="r">Liu Zhendong --</subfield>
         <subfield code="t">Zhongguo xian Qin zhi zhi du chu tan /</subfield>
         <subfield code="r">Zhang Jianfeng --</subfield>
         <subfield code="t">You Xanyangzhuan yi zhi de fa xian shi tan Han dai “tian zhai” kong jian fen bu guan xi /</subfield>
         <subfield code="r">Liu Haiwang --</subfield>
         <subfield code="t">Han dai Liuan guo wang mu zang de fa xian yu yan jiu /</subfield>
         <subfield code="r">Wang Jinghui, Yang Lixin --</subfield>
      </datafield>
      <datafield tag="505" ind1="0" ind2="0">
         <subfield code="6">880-09</subfield>
         <subfield code="t">Luoyang, Chang'an liang Xi Han zhong xiao xing mu zang de bi jiao /</subfield>
         <subfield code="r">Xiao Jianyi --</subfield>
         <subfield code="t">Hubei Dangjiankou ku qu Dong Han mu /</subfield>
         <subfield code="r">Tian Guiping --</subfield>
         <subfield code="t">Han dai bi hua mu de fen qu yu fen qi yan jiu /</subfield>
         <subfield code="r">Huang Peixian --</subfield>
         <subfield code="t">Dong Han zhi Sui Tang mu shi huang xiang ji cheng guan xi de ji dian ren shi：ji Shan Jin di qu wen zhong xin /</subfield>
         <subfield code="r">Wang Fang --</subfield>
         <subfield code="t">Han dai shen shou wen tong jing wen shi pei zhi yi yi qian xi /</subfield>
         <subfield code="r">Wang Bo --</subfield>
         <subfield code="t">Han dai Luoyang Diqu chu tu bo ju wen tong jing yan jiu /</subfield>
         <subfield code="r">Chen Jing --</subfield>
         <subfield code="t">Han dai Minyue Guo de jian zhu cai liao ji qi gong yi te zheng /</subfield>
         <subfield code="r">Mei Huaquan --</subfield>
         <subfield code="t">Liang Han shi qi tao zhi pan kou hu chu tan /</subfield>
         <subfield code="r">Wang Rui --</subfield>
         <subfield code="t">Xian Qin liang Han shi qi de zhi ji ju /</subfield>
         <subfield code="r">Liu Xinglin --</subfield>
         <subfield code="t">Han dai wen wu ming wen suo jian ji xiang yu chu lun /</subfield>
         <subfield code="r">Yang Aiguo.</subfield>
      </datafield>
      <datafield tag="651" ind1=" " ind2="0">
         <subfield code="a">Guangdong Sheng (China)</subfield>
         <subfield code="6">880-10</subfield>
         <subfield code="x">Antiquities</subfield>
         <subfield code="v">Congresses.</subfield>
      </datafield>
      <datafield tag="650" ind1=" " ind2="0">
         <subfield code="a">Excavations (Archaeology)</subfield>
         <subfield code="z">China</subfield>
         <subfield code="z">Guangdong Sheng</subfield>
         <subfield code="v">Congresses.</subfield>
      </datafield>
      <datafield tag="651" ind1=" " ind2="0">
         <subfield code="a">China</subfield>
         <subfield code="x">History</subfield>
         <subfield code="y">Han dynasty, 202 B.C.-220 A.D.</subfield>
         <subfield code="v">Congresses.</subfield>
      </datafield>
      <datafield tag="650" ind1=" " ind2="7">
         <subfield code="a">Antiquities.</subfield>
         <subfield code="2">fast</subfield>
         <subfield code="0">(OCoLC)fst00810745</subfield>
      </datafield>
      <datafield tag="650" ind1=" " ind2="7">
         <subfield code="a">Excavations (Archaeology)</subfield>
         <subfield code="2">fast</subfield>
         <subfield code="0">(OCoLC)fst00917564</subfield>
      </datafield>
      <datafield tag="650" ind1=" " ind2="7">
         <subfield code="a">Han Dynasty (China)</subfield>
         <subfield code="2">fast</subfield>
         <subfield code="0">(OCoLC)fst01696746</subfield>
      </datafield>
      <datafield tag="651" ind1=" " ind2="7">
         <subfield code="a">China.</subfield>
         <subfield code="2">fast</subfield>
         <subfield code="0">(OCoLC)fst01206073</subfield>
      </datafield>
      <datafield tag="651" ind1=" " ind2="7">
         <subfield code="a">China</subfield>
         <subfield code="z">Guangdong Sheng.</subfield>
         <subfield code="2">fast</subfield>
         <subfield code="0">(OCoLC)fst01211821</subfield>
      </datafield>
      <datafield tag="648" ind1=" " ind2="7">
         <subfield code="a">202 B.C. - 220 A.D.</subfield>
         <subfield code="2">fast</subfield>
      </datafield>
      <datafield tag="655" ind1=" " ind2="7">
         <subfield code="a">Conference proceedings.</subfield>
         <subfield code="2">fast</subfield>
         <subfield code="0">(OCoLC)fst01423772</subfield>
      </datafield>
      <datafield tag="655" ind1=" " ind2="7">
         <subfield code="a">History.</subfield>
         <subfield code="2">fast</subfield>
         <subfield code="0">(OCoLC)fst01411628</subfield>
      </datafield>
      <datafield tag="710" ind1="2" ind2=" ">
         <subfield code="6">880-11</subfield>
         <subfield code="a">Zhongguo she hui ke xue yuan.</subfield>
         <subfield code="b">Kao gu yan jiu suo.</subfield>
      </datafield>
      <datafield tag="710" ind1="2" ind2=" ">
         <subfield code="a">Guangzhou Shi wen wu kao gu yan jiu suo</subfield>
         <subfield code="6">880-12</subfield>
      </datafield>
      <datafield tag="880" ind1="2" ind2=" ">
         <subfield code="6">111-01/</subfield>
         <subfield code="a">西汉南越国考古与汉文化国际学术研讨会</subfield>
         <subfield code="d">(2008</subfield>
         <subfield code="c">Guangzhou Shi, China)</subfield>
      </datafield>
      <datafield tag="880" ind1="1" ind2="0">
         <subfield code="6">245-02/</subfield>
         <subfield code="a">西汉南越国考古与汉文化 /</subfield>
         <subfield code="c">中国社会科学院考古研究所, 广州市文物考古研究所编.</subfield>
      </datafield>
      <datafield tag="880" ind1=" " ind2=" ">
         <subfield code="6">250-03/</subfield>
         <subfield code="a">第1版.</subfield>
      </datafield>
      <datafield tag="880" ind1=" " ind2=" ">
         <subfield code="6">260-04/</subfield>
         <subfield code="a">北京 :</subfield>
         <subfield code="b">科学出版社,</subfield>
         <subfield code="c">2010.</subfield>
      </datafield>
      <datafield tag="880" ind1=" " ind2=" ">
         <subfield code="6">520-05/</subfield>
         <subfield code="a">本书收集了在广州市举行的西汉南越国考古与汉文化会议的37篇论文，内容涉及西汉南越国的考古、发掘、研究及有关汉文化的相关文章，体现了西汉南越国的最新科研究成果及汉文化研究的最新进展。</subfield>
      </datafield>
      <datafield tag="880" ind1="0" ind2="0">
         <subfield code="6">505-06/</subfield>
         <subfield code="g">上编.</subfield>
         <subfield code="t">在“西汉南越国考古与汉文化国际学术研讨会”开幕式上的致辞 /</subfield>
         <subfield code="r">赵南先 --</subfield>
         <subfield code="t">在“西汉南越国考古与汉文化国际学术研讨会”开幕式上的致辞 /</subfield>
         <subfield code="r">齐肇业 --</subfield>
         <subfield code="t">在“西汉南越国考古与汉文化国际学术研讨会”开幕式上的讲话 /</subfield>
         <subfield code="r">晋保平 --</subfield>
         <subfield code="t">在“西汉南越国考古与汉文化国际学术研讨会”开幕式上的讲话 /</subfield>
         <subfield code="r">柴晓明 --</subfield>
         <subfield code="t">在“西汉南越国考古与汉文化国际学术研讨会”闭幕式上的总结讲话 /</subfield>
         <subfield code="r">白云翔 --</subfield>
         <subfield code="t">在“西汉南越国考古与汉文化国际学术研讨会”闭幕式上的致辞 /</subfield>
         <subfield code="r">陈玉环 --</subfield>
         <subfield code="t">“西汉南越国考古与汉文化国际学术研讨会”纪要 /</subfield>
         <subfield code="r">洪石, 易西兵 --</subfield>
      </datafield>
      <datafield tag="880" ind1="0" ind2="0">
         <subfield code="6">505-07/</subfield>
         <subfield code="t">考古发现的南越国史迹与广州早期历史 /</subfield>
         <subfield code="r">冯永驱 --</subfield>
         <subfield code="t">广西发现的南越国遗迹述评 /</subfield>
         <subfield code="r">熊昭明 --</subfield>
         <subfield code="t">香港汉代考古发现与研究 /</subfield>
         <subfield code="r">朱海仁 --</subfield>
         <subfield code="t">南越国时期番禺城相关问题的探讨 /</subfield>
         <subfield code="r">徐龙国 --</subfield>
         <subfield code="t">从考古发现谈南越国都城的建筑特点 /</subfield>
         <subfield code="r">胡建 --</subfield>
         <subfield code="t">略论南越国的青铜冶铸业 /</subfield>
         <subfield code="r">蒋廷玉 --</subfield>
         <subfield code="t">西汉南越王的丝缕玉衣再研究 /</subfield>
         <subfield code="r">王文建 --</subfield>
         <subfield code="t">广东出土秦汉瓦当初步研究 /</subfield>
         <subfield code="r">李灶新 --</subfield>
         <subfield code="t">《史记》、《汉书》南越传的比较 /</subfield>
         <subfield code="r">吴凌云 --</subfield>
         <subfield code="t">论开拓岭南的功臣赵佗社会和谐思想与实践 /</subfield>
         <subfield code="r">张荣芳 --</subfield>
         <subfield code="t">试论岭南地区先秦至汉代考古学文化的变迁 /</subfield>
         <subfield code="r">高崇文 --</subfield>
         <subfield code="t">岭南地区发现的汉代舶来金银器述论 /</subfield>
         <subfield code="r">白云翔 --</subfield>
         <subfield code="t">岭南地区出土的汉代熏炉及熏香习俗起源浅议 /</subfield>
         <subfield code="r">李龙章 --</subfield>
         <subfield code="t">模型明器所描绘的汉代岭南地区的日常生活 /</subfield>
         <subfield code="r">(德)谢藏 --</subfield>
      </datafield>
      <datafield tag="880" ind1="0" ind2="0">
         <subfield code="6">505-08/</subfield>
         <subfield code="t">粤桂滇黔地区汉代文化中的相似元素 /</subfield>
         <subfield code="r">肖明华 --</subfield>
         <subfield code="t">论汉代岭南与巴蜀地区的文化交流：以双层木椁墓为中心的考古学考察 /</subfield>
         <subfield code="r">罗二虎, 李晓 --</subfield>
         <subfield code="t">闽越国与南越国建筑用陶的比较研究：以几何印纹铺地砖和瓦当为例 /</subfield>
         <subfield code="r">杨勇 --</subfield>
         <subfield code="t">南越国“不行汉法”的意义：汉代“外诸侯”的典型个案分析 /</subfield>
         <subfield code="r">孙家洲 --</subfield>
         <subfield code="t">岭南地区移民与汉文化的扩张 /</subfield>
         <subfield code="r">王子今 --</subfield>
         <subfield code="t">禁锢与脱困：汉南海郡诸问题研究 /</subfield>
         <subfield code="r">刘瑞 --</subfield>
         <subfield code="t">秦汉上林苑遗址考古发现与研究 /</subfield>
         <subfield code="r">刘庆柱, 李毓芳 --</subfield>
         <subfield code="t">东汉洛阳城灵台的勘察与形制复原 /</subfield>
         <subfield code="r">钱国祥 --</subfield>
         <subfield code="t">西安西郊大土门村礼制建筑遗址的性质 /</subfield>
         <subfield code="r">张一兵 --</subfield>
         <subfield code="t">汉都长安的手工业与市 /</subfield>
         <subfield code="r">刘振东 --</subfield>
         <subfield code="t">中国先秦城雉制度初探 /</subfield>
         <subfield code="r">张建锋 --</subfield>
         <subfield code="t">由三杨庄遗址的发现试谈汉代“田宅”空间分布关系 /</subfield>
         <subfield code="r">刘海旺 --</subfield>
         <subfield code="t">汉代六安国王陵墓葬的发现与研究 /</subfield>
         <subfield code="r">汪景辉, 杨立新 --</subfield>
      </datafield>
      <datafield tag="880" ind1="0" ind2="0">
         <subfield code="6">505-09/</subfield>
         <subfield code="t">洛阳、长安两地西汉中小型墓葬的比较 /</subfield>
         <subfield code="r">肖建一 --</subfield>
         <subfield code="t">湖北丹江口库区东汉墓 /</subfield>
         <subfield code="r">田桂平 --</subfield>
         <subfield code="t">汉代壁画墓的分区与分期研究 /</subfield>
         <subfield code="r">黄佩贤 --</subfield>
         <subfield code="t">东汉至隋唐墓室画像承继关系的几点认识：以陕晋地区为中心 /</subfield>
         <subfield code="r">王方 --</subfield>
         <subfield code="t">汉代神兽纹铜镜纹饰配置意义浅析 /</subfield>
         <subfield code="r">汪勃 --</subfield>
         <subfield code="t">汉代洛阳地区出土博局纹铜镜研究 /</subfield>
         <subfield code="r">陈静 --</subfield>
         <subfield code="t">汉代闽越国的建筑材料及其工艺特征 /</subfield>
         <subfield code="r">梅华全 --</subfield>
         <subfield code="t">两汉时期陶质盘口壶初探 /</subfield>
         <subfield code="r">王睿 --</subfield>
         <subfield code="t">先秦两汉时期的织机具 /</subfield>
         <subfield code="r">刘兴林 --</subfield>
         <subfield code="t">汉代文物铭文所见吉祥语初论 /</subfield>
         <subfield code="r">杨爱国.</subfield>
      </datafield>
      <datafield tag="880" ind1=" " ind2="4">
         <subfield code="6">651-10/</subfield>
         <subfield code="a">广东省 (China)</subfield>
         <subfield code="x">Antiquities</subfield>
         <subfield code="v">Congresses.</subfield>
      </datafield>
      <datafield tag="880" ind1="2" ind2=" ">
         <subfield code="6">710-11/</subfield>
         <subfield code="a">中国社会科学院.</subfield>
         <subfield code="b">考古研究所.</subfield>
      </datafield>
      <datafield tag="880" ind1="2" ind2=" ">
         <subfield code="6">710-12/</subfield>
         <subfield code="a">广州市文物考古研究所.</subfield>
      </datafield>
      <datafield tag="994" ind1=" " ind2=" ">
         <subfield code="a">Z0</subfield>
         <subfield code="b">ZYU</subfield>
      </datafield>
      <datafield tag="OWN" ind1=" " ind2=" ">
         <subfield code="a">GENERAL</subfield>
      </datafield>
      <datafield tag="AVA" ind1=" " ind2=" ">
         <subfield code="a">NYU50</subfield>
         <subfield code="b">NISAW</subfield>
         <subfield code="c">Small Collection</subfield>
         <subfield code="d">DS793.S644 X525 2010</subfield>
         <subfield code="e">available</subfield>
         <subfield code="t">Available</subfield>
         <subfield code="f">1</subfield>
         <subfield code="g">0</subfield>
         <subfield code="h">N</subfield>
         <subfield code="i">0</subfield>
         <subfield code="j">SMALL</subfield>
         <subfield code="k">0</subfield>
      </datafield>
      <marc:datafield tag="852" ind1=" " ind2=" ">
         <marc:subfield code="b">Institute for the Study of the Ancient World, </marc:subfield>
         <marc:subfield code="c">Small Collection</marc:subfield>
         <marc:subfield code="e">15 East 84th St., </marc:subfield>
         <marc:subfield code="e">New York, NY  10028</marc:subfield>
      </marc:datafield>
   </record>