
  
  
  
  
  
 
  
  <record xsi:schemaLocation="http://www.loc.gov/MARC21/slim http://www.loc.gov/standards/marcxml/schema/MARC21slim.xsd">
      <leader>00000cam  2200721 a 4500</leader>
      <controlfield tag="FMT">BK</controlfield>
      <controlfield tag="LDR">00000cam  2200721 a 4500</controlfield>
      <controlfield tag="001">004074764</controlfield>
      <controlfield tag="003">OCoLC</controlfield>
      <controlfield tag="005">20141202125728.0</controlfield>
      <controlfield tag="008">141202s2006    cc ab    b    100 0 chi</controlfield>
      <datafield tag="010" ind1=" " ind2=" ">
         <subfield code="a">2006409355</subfield>
      </datafield>
      <datafield tag="020" ind1=" " ind2=" ">
         <subfield code="a">7501017603</subfield>
      </datafield>
      <datafield tag="020" ind1=" " ind2=" ">
         <subfield code="a">9787501017607</subfield>
      </datafield>
      <datafield tag="035" ind1=" " ind2=" ">
         <subfield code="a">(OCoLC)69603857</subfield>
      </datafield>
      <datafield tag="040" ind1=" " ind2=" ">
         <subfield code="a">DLC-R</subfield>
         <subfield code="b">eng</subfield>
         <subfield code="c">DLC</subfield>
         <subfield code="d">CPV</subfield>
         <subfield code="d">PIT</subfield>
         <subfield code="d">CLU</subfield>
         <subfield code="d">GZM</subfield>
         <subfield code="d">OCLCF</subfield>
         <subfield code="d">BCBTC</subfield>
         <subfield code="d">ZYU</subfield>
         <subfield code="d">NNU</subfield>
      </datafield>
      <datafield tag="041" ind1="0" ind2=" ">
         <subfield code="a">chi</subfield>
         <subfield code="a">eng</subfield>
      </datafield>
      <datafield tag="043" ind1=" " ind2=" ">
         <subfield code="a">a-cc---</subfield>
      </datafield>
      <datafield tag="050" ind1="0" ind2="0">
         <subfield code="a">GN855.C6</subfield>
         <subfield code="b">P74 2003</subfield>
      </datafield>
      <datafield tag="050" ind1=" " ind2="4">
         <subfield code="a">GN776.32.C6</subfield>
         <subfield code="b">G86 2003</subfield>
      </datafield>
      <datafield tag="066" ind1=" " ind2=" ">
         <subfield code="c">$1</subfield>
      </datafield>
      <datafield tag="082" ind1="0" ind2="4">
         <subfield code="a">DS715</subfield>
         <subfield code="b">.H7623 2006</subfield>
      </datafield>
      <datafield tag="111" ind1="2" ind2=" ">
         <subfield code="a">Prehistoric Archaeology of South China and Southeast Asia</subfield>
         <subfield code="d">(2003 :</subfield>
         <subfield code="c">Guilin, Guangxi Zhuangzu Zizhiqu, China)</subfield>
         <subfield code="6">880-01</subfield>
      </datafield>
      <datafield tag="245" ind1="1" ind2="0">
         <subfield code="6">880-02</subfield>
         <subfield code="a">Hua nan ji Dong nan Ya di qu shi qian kao gu :</subfield>
         <subfield code="b">ji nian Zengpiyan yi zhi fa jue 30 zhou nian guo ji xue shu yan tao hui lun wen ji /</subfield>
         <subfield code="c">Zhongguo she hui ke xue yuan kao gu yan jiu suo.</subfield>
      </datafield>
      <datafield tag="246" ind1="3" ind2="0">
         <subfield code="6">880-03</subfield>
         <subfield code="a">Ji nian Zengpiyan yi zhi fa jue 30 zhou nian guo ji xue shu yan tao hui lun wen ji</subfield>
      </datafield>
      <datafield tag="246" ind1="1" ind2="5">
         <subfield code="a">Prehistoric Archaeology of South China and Southeast Asia:</subfield>
         <subfield code="b">Proceedings of the international conference to celebrate the 30th anniversary of the excavation of Zengpiyan</subfield>
      </datafield>
      <datafield tag="250" ind1=" " ind2=" ">
         <subfield code="6">880-04</subfield>
         <subfield code="a">Di 1 ban.</subfield>
      </datafield>
      <datafield tag="260" ind1=" " ind2=" ">
         <subfield code="6">880-05</subfield>
         <subfield code="a">Beijing :</subfield>
         <subfield code="b">Wen wu chu ban she,</subfield>
         <subfield code="c">2006.</subfield>
      </datafield>
      <datafield tag="300" ind1=" " ind2=" ">
         <subfield code="a">2, 479 p., 16 p. of plates :</subfield>
         <subfield code="b">ill. (some col.), maps ;</subfield>
         <subfield code="c">27 cm.</subfield>
      </datafield>
      <datafield tag="546" ind1=" " ind2=" ">
         <subfield code="a">Text in Chinese, with some papers in English.</subfield>
      </datafield>
      <datafield tag="500" ind1=" " ind2=" ">
         <subfield code="6">880-06</subfield>
         <subfield code="a">"2003 nian 12 yue 11-14 ri, Zhongguo she hui ke xue yuan kao gu yan jiu suo, Guangxi Zhuang zu Zizhiqu wen hua ting, Guiling Shi ren min zheng fu zai Guangxi Guilin Shi Ronghu fan dian gon tong ju ban 'Hua nan ji Dong Nan ya di qu shi qian kao gu--Ji nian Zengpiyan yi zhi fa jue 30 zhou nian guo ji xue shu yan tao hui'"--P. 479.</subfield>
      </datafield>
      <datafield tag="500" ind1=" " ind2=" ">
         <subfield code="a">Proceedings of conference held Dec. 11-14, 2003 in Guilin, Guangxi Zhuangzu Zizhiqu, China.</subfield>
      </datafield>
      <datafield tag="504" ind1=" " ind2=" ">
         <subfield code="a">Includes bibliographical references.</subfield>
      </datafield>
      <datafield tag="505" ind1="0" ind2="0">
         <subfield code="6">880-07</subfield>
         <subfield code="g">Shang bian.</subfield>
         <subfield code="t">Zhongguo she hui ke xue yuan kao gu yan jiu suo suo zhang Liu Qingzhu kao mu shi zhi ci 　--</subfield>
         <subfield code="t">Guilin Shi ren min zheng fu fu shi zhang Tang Jie kai mu shi zhi ci --</subfield>
         <subfield code="t">Zhonggong Guilin Shi wei fu shu ji Deng Chundong kai mu shi zhi ci 　--</subfield>
         <subfield code="t">Guo jia wen wu ju bao hu fu si zhang Guang Qiang kai mu shi zhi ci --</subfield>
         <subfield code="t">Zhongguo she hui ke yan ju fu ju zhang Qian Sheng kai mu shi zhi ci --</subfield>
         <subfield code="t">GuangXi Zhuangzu Zizhiqu wen hua ting fu ting zhang Li Gexun kai mu shi zhi ci --</subfield>
         <subfield code="t">Zhonggong Guilin Shi wei xuan chuan bu bu zhang Wei Gaungxiong bi mu shi zhi ci --</subfield>
         <subfield code="t">Zhongguo she hui ke xue yuan kao gu yan jiu suo suo zhang Liu Qingzhu bi mu shi zhi ci --</subfield>
         <subfield code="t">Hui yi ji yao</subfield>
      </datafield>
      <datafield tag="505" ind1="0" ind2="0">
         <subfield code="6">880-08</subfield>
         <subfield code="g">Xia bian.</subfield>
         <subfield code="t">Huanan zao qi xin shi qi shi xi /</subfield>
         <subfield code="r">An Zhimin --</subfield>
         <subfield code="t">Dui zai ci fa jue Zengpiyan yi zhi de ji dian kan fa /</subfield>
         <subfield code="r">Zhang Zhongpei --</subfield>
         <subfield code="t">Zengpiyan yi zhi yu Huanan Diqu shi qian kao gu /</subfield>
         <subfield code="r">Yan Wenming --</subfield>
         <subfield code="t">Zengpiyan yi zhi yu shi hui yan di 14C ce nian /</subfield>
         <subfield code="r">Qiu Shihua --</subfield>
         <subfield code="t">Guilin shi qian yi zhi bao hu yu he li li yong de si kao /</subfield>
         <subfield code="r">Liu Hongwei --</subfield>
         <subfield code="t">Guilin dong xue kao gu de hui gu yu zhan wang /</subfield>
         <subfield code="r">Zhou Hai --</subfield>
         <subfield code="t">Lun Zhongguo xin shi qi shi dai de kai shi /</subfield>
         <subfield code="r">Zhu Naicheng --</subfield>
         <subfield code="t">Zengpiyan yu Huanan shi qian dong xue yi zhi /</subfield>
         <subfield code="r">Wu Yaoli --</subfield>
         <subfield code="t">Guangxi xin shi qi shi dai zao qi wen hua yi cun chu tan /</subfield>
         <subfield code="r">Liang Xuda --</subfield>
         <subfield code="t">Jiangxi Wannian Xian re dong yu diao tong huan yi zhi /</subfield>
         <subfield code="r">Peng Shifan, Zhou Guangming --</subfield>
         <subfield code="t">Donghulin, Zhuannian, Nanzhuangtou yu Yujiagou /</subfield>
         <subfield code="r">Zhao Chaohong, Wang Tao, Wu Xiaohong, Liu Mingli, Yuan Xumei, Yu Jincheng, Guo Jingning --</subfield>
         <subfield code="t">14C ce nian yu wo guo tao qi shuo yuan /</subfield>
         <subfield code="r">Yuan Sisun --</subfield>
         <subfield code="t">Nong ye qi yuan yu shi qian Zhongguo /</subfield>
         <subfield code="r">Cao Bingwu --</subfield>
         <subfield code="t">Dui Huanan Diqu yuan shi nong ye de zai ren shi /</subfield>
         <subfield code="r">Zhao Zhijun --</subfield>
         <subfield code="t">Zi yuan, Ji shu yu shi qian ju zhu fang shi de yan bian /</subfield>
         <subfield code="r">Qian Yaopeng --</subfield>
         <subfield code="t">Zi yuan fen xi yu Zhu Jiang kou di qu xin shi qi shi dai sheng ji /</subfield>
         <subfield code="r">Li Guo --</subfield>
         <subfield code="t">Stone Age Land Use in the Highland Pang Mapha District，Mae Hong Son Province,Northwestern Thailand /</subfield>
         <subfield code="r">Cherdsak Treerayapiwat --</subfield>
         <subfield code="t">Huanan Diqu shi qia mu zang tan si /</subfield>
         <subfield code="r">Chen Yuanbei --</subfield>
         <subfield code="t">The Dispersal of Neolithic Cultures from China into Island Southeast Asia:Stand Stills，Slow Moves，and Fast Spreads /</subfield>
         <subfield code="r">Peter Bellwood --</subfield>
         <subfield code="t">Southern China and Southeast Asia during the Neolithic /</subfield>
         <subfield code="r">C.F.W. Higham --</subfield>
      </datafield>
      <datafield tag="505" ind1="0" ind2="0">
         <subfield code="6">880-09</subfield>
         <subfield code="t">You guan dong nan yan hai yu Zhu Jiang liu yu shi zu bu luo wen hua de yi xie wen ti (zhai yao) /</subfield>
         <subfield code="r">Shi Xingbang --</subfield>
         <subfield code="t">Minzu shi suo jian yuan shi zhi tao shu de liang zhong mo shi ji qi qi shi /</subfield>
         <subfield code="r">Chen Xingcan --</subfield>
         <subfield code="t">Zi yuan xiao jing zhi tao gong yi de yan jiu /</subfield>
         <subfield code="r">Peng Shulin, Jiang Tingyu --</subfield>
         <subfield code="t">Shi qian gong ju yan jiu de ruo gan wen ti /</subfield>
         <subfield code="r">Lü Liedan --</subfield>
         <subfield code="t">Typological Analysis of Stone Adzes from Neolithic Sites in Southeast China：Implications for Cultural Change and Regional Interaction /</subfield>
         <subfield code="r">Tianlong Jiao, Barry V. Rolett --</subfield>
         <subfield code="t">Taiwan shi qian yu qi zai dong nan ya de fen bu ji qi yi yi /</subfield>
         <subfield code="r">Hong Xiaochun --</subfield>
         <subfield code="t">Yuenan de duo bi wen hua /</subfield>
         <subfield code="r">Ruan Wenhao --</subfield>
         <subfield code="t">Chronological Framework from the Palaeolithic to Iron Age in the Red River Plain and the Surrounding /</subfield>
         <subfield code="r">Xicunchangye --</subfield>
         <subfield code="t">Chronology of the Neolithic Cultures on the Coast of Southeast China /</subfield>
         <subfield code="r">Tianlong Jiao --</subfield>
         <subfield code="t">Huan Beibuwan di qu shi qian wen hua de kao gu fa xian he yan jiu /</subfield>
         <subfield code="r">Liao Guoyi --</subfield>
         <subfield code="t">Jian guo yi lai You Jiang liu yu shi qian wen hua de kao gu fa xian yu yan jiu /</subfield>
         <subfield code="r">Xu Jingbin --</subfield>
         <subfield code="t">Gui nan Dalongtan lei xing yi zhi chu lun /</subfield>
         <subfield code="r">Chen Yuanzhang --</subfield>
         <subfield code="t">Guangxi Wuming nong shan Bawang yan dong zang de fa jue yu yan jiu /</subfield>
         <subfield code="r">Li Zhen, Yang Ke --</subfield>
         <subfield code="t">Guangxi Xiang Jiang liu yu shi qian wen hua de chu bu ren shi /</subfield>
         <subfield code="r">Li Zhen --</subfield>
         <subfield code="t">Pengtoushan wen hua de bian nian ji qi ju luo te zheng /</subfield>
         <subfield code="r">Yin Jianshun --</subfield>
         <subfield code="t">Neimenggu Hulunbe'er Huihe shui ba he Hake-tuan jie xi shi qi yi zhi /</subfield>
         <subfield code="r">Liu Jingzhi.</subfield>
      </datafield>
      <datafield tag="650" ind1=" " ind2="0">
         <subfield code="a">Antiquities, Prehistoric</subfield>
         <subfield code="z">China</subfield>
         <subfield code="v">Congresses.</subfield>
      </datafield>
      <datafield tag="650" ind1=" " ind2="0">
         <subfield code="a">Prehistoric peoples</subfield>
         <subfield code="z">China</subfield>
         <subfield code="v">Congresses.</subfield>
      </datafield>
      <datafield tag="651" ind1=" " ind2="0">
         <subfield code="a">China</subfield>
         <subfield code="x">Antiquities</subfield>
         <subfield code="v">Congresses.</subfield>
      </datafield>
      <datafield tag="650" ind1=" " ind2="7">
         <subfield code="a">Antiquities.</subfield>
         <subfield code="2">fast</subfield>
         <subfield code="0">(OCoLC)fst00810745</subfield>
      </datafield>
      <datafield tag="650" ind1=" " ind2="7">
         <subfield code="a">Antiquities, Prehistoric.</subfield>
         <subfield code="2">fast</subfield>
         <subfield code="0">(OCoLC)fst00810762</subfield>
      </datafield>
      <datafield tag="650" ind1=" " ind2="7">
         <subfield code="a">Prehistoric peoples.</subfield>
         <subfield code="2">fast</subfield>
         <subfield code="0">(OCoLC)fst01075242</subfield>
      </datafield>
      <datafield tag="651" ind1=" " ind2="7">
         <subfield code="a">China.</subfield>
         <subfield code="2">fast</subfield>
         <subfield code="0">(OCoLC)fst01206073</subfield>
      </datafield>
      <datafield tag="655" ind1=" " ind2="7">
         <subfield code="a">Conference proceedings.</subfield>
         <subfield code="2">fast</subfield>
         <subfield code="0">(OCoLC)fst01423772</subfield>
      </datafield>
      <datafield tag="700" ind1="1" ind2=" ">
         <subfield code="6">880-10</subfield>
         <subfield code="a">Jun Fan.</subfield>
      </datafield>
      <datafield tag="710" ind1="2" ind2=" ">
         <subfield code="6">880-11</subfield>
         <subfield code="a">Zhongguo she hui ke xue yuan.</subfield>
         <subfield code="b">Kao gu yan jiu suo.</subfield>
      </datafield>
      <datafield tag="776" ind1="0" ind2="8">
         <subfield code="i">Online version:</subfield>
         <subfield code="a">Prehistoric Archaeology of South China and Southeast Asia (2003 : Guilin, Guangxi Zhuangzu Zizhiqu, China)</subfield>
         <subfield code="t">Hua nan ji Dong nan Ya di qu shi qian kao gu.</subfield>
         <subfield code="b">Di 1 ban.</subfield>
         <subfield code="d">Beijing : Wen wu chu ban she, 2006</subfield>
         <subfield code="w">(OCoLC)676417511</subfield>
      </datafield>
      <datafield tag="880" ind1="2" ind2=" ">
         <subfield code="6">111-01/</subfield>
         <subfield code="a">华南及东南亚地区史前考古 : 纪念甑皮岩遗址发掘 30 周年国际学术研讨会</subfield>
         <subfield code="d">(2003 :</subfield>
         <subfield code="c">Guilin Shi, Guangxi)</subfield>
      </datafield>
      <datafield tag="880" ind1="1" ind2="0">
         <subfield code="6">245-02/</subfield>
         <subfield code="a">华南及东南亚地区史前考古 :</subfield>
         <subfield code="b">纪念甑皮岩遗址发掘30周年国际学术研讨会论文集 /</subfield>
         <subfield code="c">中国社会科学院考古研究所.</subfield>
      </datafield>
      <datafield tag="880" ind1="3" ind2="0">
         <subfield code="6">246-03/</subfield>
         <subfield code="a">纪念甑皮岩遗址发掘30周年国际学术研讨会论文集</subfield>
      </datafield>
      <datafield tag="880" ind1=" " ind2=" ">
         <subfield code="6">250-04/</subfield>
         <subfield code="a">第1版.</subfield>
      </datafield>
      <datafield tag="880" ind1=" " ind2=" ">
         <subfield code="6">260-05/</subfield>
         <subfield code="a">北京 :</subfield>
         <subfield code="b">文物出版社,</subfield>
         <subfield code="c">2006.</subfield>
      </datafield>
      <datafield tag="880" ind1=" " ind2=" ">
         <subfield code="6">500-06/</subfield>
         <subfield code="a">"2003 年 12 月 11-14 日, 中国社会科学院考古研究所, 广西壮族自治区文化厅, 桂林市人民政府在广西桂林市榕湖饭店共同举办'华南及东南亚地区史前考古--纪念甑皮岩遗址发掘 30 周年国际学术研讨会'"--P. 479.</subfield>
      </datafield>
      <datafield tag="880" ind1="0" ind2="0">
         <subfield code="6">505-07/</subfield>
         <subfield code="g">上编.</subfield>
         <subfield code="t">中国社会科学院考古研究所所长刘庆柱开幕式致辞 　--</subfield>
         <subfield code="t">桂林市人民政府副市长汤杰开幕式致辞 --</subfield>
         <subfield code="t">中共桂林市委副书记邓纯东开幕式致辞 　--</subfield>
         <subfield code="t">国家文物局文物保护司副司长关强开幕式致辞 --</subfield>
         <subfield code="t">中国社会科学院科研局副局长庄前生开幕式致辞 　--</subfield>
         <subfield code="t">广西壮族自治区文化厅副厅长李格训开幕式致辞 --</subfield>
         <subfield code="t">中共桂林市委宣传部部长韦广雄闭幕式致辞 　--</subfield>
         <subfield code="t">中国社会科学院考古研究所所长刘庆柱闭幕会致辞 会议纪要</subfield>
      </datafield>
      <datafield tag="880" ind1="0" ind2="0">
         <subfield code="6">505-08/</subfield>
         <subfield code="g">下编.</subfield>
         <subfield code="t">华南早期新石器试析 /</subfield>
         <subfield code="r">安志敏 --</subfield>
         <subfield code="t">对再次发掘甑皮岩遗址的几点看法 /</subfield>
         <subfield code="r">张忠培 --</subfield>
         <subfield code="t">甑皮岩遗址与华南地区史前考古 /</subfield>
         <subfield code="r">严文明 --</subfield>
         <subfield code="t">甑皮岩遗址与石灰岩地区”C测年 /</subfield>
         <subfield code="r">仇士华 --</subfield>
         <subfield code="t">桂林史前遗址保护与合理利用的思考 /</subfield>
         <subfield code="r">刘洪伟 --</subfield>
         <subfield code="t">桂林洞穴考古的回顾与展望 /</subfield>
         <subfield code="r">周海 --</subfield>
         <subfield code="t">论中国新石器时代的开始 /</subfield>
         <subfield code="r">朱乃成 --</subfield>
         <subfield code="t">甑皮岩与华南史前洞穴遗址 /</subfield>
         <subfield code="r">吴耀利 --</subfield>
         <subfield code="t">广西新石器时代早期文化遗存初探 /</subfield>
         <subfield code="r">梁旭达 --</subfield>
         <subfield code="t">江西万年仙人洞与吊桶环遗址 /</subfield>
         <subfield code="r">彭适凡, 周广明 --</subfield>
         <subfield code="t">东胡林、转年、南庄头与于家沟 /</subfield>
         <subfield code="r">赵朝洪, 王涛, 吴小红, 刘明利, 员雪梅, 郁金城, 郭京宁 --</subfield>
         <subfield code="t">14C测年与我国陶器溯源 /</subfield>
         <subfield code="r">原思训 --</subfield>
         <subfield code="t">农业起源与史前中国 /</subfield>
         <subfield code="r">曹兵武 --</subfield>
         <subfield code="t">对华南地区原始农业的再认识 /</subfield>
         <subfield code="r">赵志军 --</subfield>
         <subfield code="t">资源、技术与史前居住方式的演变 /</subfield>
         <subfield code="r">钱耀鹏 --</subfield>
         <subfield code="t">资源域分析与珠江口地区新石器时代生计 /</subfield>
         <subfield code="r">李果 --</subfield>
         <subfield code="t">Stone Age Land Use in the Highland Pang Mapha District，Mae Hong Son Province,Northwestern Thailand /</subfield>
         <subfield code="r">Cherdsak Treerayapiwat --</subfield>
         <subfield code="t">华南地区史前墓葬探析 /</subfield>
         <subfield code="r">陈远琲 --</subfield>
         <subfield code="t">The Dispersal of Neolithic Cultures from China into Island Southeast Asia:Stand Stills，Slow Moves，and Fast Spreads /</subfield>
         <subfield code="r">Peter Bellwood --</subfield>
         <subfield code="t">Southern China and Southeast Asia during the Neolithic /</subfield>
         <subfield code="r">C.F.W. Higham --</subfield>
      </datafield>
      <datafield tag="880" ind1="0" ind2="0">
         <subfield code="6">505-09/</subfield>
         <subfield code="t">有关东南沿海与珠江流域氏族部落文化的一些问题(摘要) /</subfield>
         <subfield code="r">石兴邦 --</subfield>
         <subfield code="t">民族志所见原始制陶术的两种模式及其启示 /</subfield>
         <subfield code="r">陈星灿 --</subfield>
         <subfield code="t">资源晓锦制陶工艺的研究 /</subfield>
         <subfield code="r">彭书琳, 蒋廷瑜 --</subfield>
         <subfield code="t">史前工具研究的若干问题 /</subfield>
         <subfield code="r">吕烈丹 --</subfield>
         <subfield code="t">Typological Analysis of Stone Adzes from Neolithic Sites in Southeast China：Implications for Cultural Change and Regional Interaction /</subfield>
         <subfield code="r">Tianlong Jiao, Barry V. Rolett --</subfield>
         <subfield code="t">台湾史前玉器在东南亚的分布及其意义 /</subfield>
         <subfield code="r">洪晓纯 --</subfield>
         <subfield code="t">越南的多笔文化 /</subfield>
         <subfield code="r">阮文好 --</subfield>
         <subfield code="t">Chronological Framework from the Palaeolithic to Iron Age in the Red River Plain and the Surrounding /</subfield>
         <subfield code="r">西村昌也 --</subfield>
         <subfield code="t">Chronology of the Neolithic Cultures on the Coast of Southeast China /</subfield>
         <subfield code="r">Tianlong Jiao --</subfield>
         <subfield code="t">环北部湾地区史前文化的考古发现和研究 /</subfield>
         <subfield code="r">廖国一 --</subfield>
         <subfield code="t">建国以来右江流域史前文化的考古发现与研究 /</subfield>
         <subfield code="r">徐靖彬 --</subfield>
         <subfield code="t">桂南大龙潭类型遗址初论 /</subfield>
         <subfield code="r">陈远璋 --</subfield>
         <subfield code="t">广西武鸣弄山、岜旺岩洞葬的发掘与研究 /</subfield>
         <subfield code="r">李珍, 杨轲 --</subfield>
         <subfield code="t">广西湘江流域史前文化的初步认识 /</subfield>
         <subfield code="r">李珍 --</subfield>
         <subfield code="t">彭头山文化的编年及其聚落特征 /</subfield>
         <subfield code="r">尹检顺 --</subfield>
         <subfield code="t">内蒙古呼伦贝尔辉河水坝和哈克一团结细石器遗址 /</subfield>
         <subfield code="r">刘景芝.</subfield>
      </datafield>
      <datafield tag="880" ind1="1" ind2=" ">
         <subfield code="6">700-10/</subfield>
         <subfield code="a">君凡.</subfield>
      </datafield>
      <datafield tag="880" ind1="2" ind2=" ">
         <subfield code="6">710-11/</subfield>
         <subfield code="a">中国社会科学院.</subfield>
         <subfield code="b">考古研究所.</subfield>
      </datafield>
      <datafield tag="994" ind1=" " ind2=" ">
         <subfield code="a">Z0</subfield>
         <subfield code="b">ZYU</subfield>
      </datafield>
      <datafield tag="OWN" ind1=" " ind2=" ">
         <subfield code="a">GENERAL</subfield>
      </datafield>
      <datafield tag="AVA" ind1=" " ind2=" ">
         <subfield code="a">NYU50</subfield>
         <subfield code="b">NISAW</subfield>
         <subfield code="c">Small Collection</subfield>
         <subfield code="d">GN776.32.C6 G86 2003</subfield>
         <subfield code="e">available</subfield>
         <subfield code="t">Available</subfield>
         <subfield code="f">1</subfield>
         <subfield code="g">0</subfield>
         <subfield code="h">N</subfield>
         <subfield code="i">0</subfield>
         <subfield code="j">SMALL</subfield>
         <subfield code="k">0</subfield>
      </datafield>
      <marc:datafield tag="852" ind1=" " ind2=" ">
         <marc:subfield code="b">Institute for the Study of the Ancient World, </marc:subfield>
         <marc:subfield code="c">Small Collection</marc:subfield>
         <marc:subfield code="e">15 East 84th St., </marc:subfield>
         <marc:subfield code="e">New York, NY  10028</marc:subfield>
      </marc:datafield>
   </record>