
  
  
  
  
  
  
 
  
  <record xsi:schemaLocation="http://www.loc.gov/MARC21/slim http://www.loc.gov/standards/marcxml/schema/MARC21slim.xsd">
      <leader>00000cam  2200601 a 4500</leader>
      <controlfield tag="FMT">BK</controlfield>
      <controlfield tag="LDR">00000cam  2200601 a 4500</controlfield>
      <controlfield tag="001">004075518</controlfield>
      <controlfield tag="003">OCoLC</controlfield>
      <controlfield tag="005">20141204114147.0</controlfield>
      <controlfield tag="008">141203s2008    cc a     b    100 0 chi d</controlfield>
      <datafield tag="010" ind1=" " ind2=" ">
         <subfield code="a">2009425447</subfield>
      </datafield>
      <datafield tag="020" ind1=" " ind2=" ">
         <subfield code="a">9787501025947</subfield>
      </datafield>
      <datafield tag="020" ind1=" " ind2=" ">
         <subfield code="a">7501025940</subfield>
      </datafield>
      <datafield tag="035" ind1=" " ind2=" ">
         <subfield code="a">(OCoLC)313962409</subfield>
      </datafield>
      <datafield tag="040" ind1=" " ind2=" ">
         <subfield code="a">LWU</subfield>
         <subfield code="b">eng</subfield>
         <subfield code="c">LWU</subfield>
         <subfield code="d">DLC</subfield>
         <subfield code="d">CNPIT</subfield>
         <subfield code="d">OSU</subfield>
         <subfield code="d">OCLCF</subfield>
         <subfield code="d">BCBTC</subfield>
         <subfield code="d">ZYU</subfield>
         <subfield code="d">NNU</subfield>
      </datafield>
      <datafield tag="042" ind1=" " ind2=" ">
         <subfield code="a">lccopycat</subfield>
      </datafield>
      <datafield tag="043" ind1=" " ind2=" ">
         <subfield code="a">a-cc---</subfield>
      </datafield>
      <datafield tag="050" ind1="0" ind2="0">
         <subfield code="a">N9065</subfield>
         <subfield code="b">.Q4 2008</subfield>
      </datafield>
      <datafield tag="066" ind1=" " ind2=" ">
         <subfield code="c">$1</subfield>
      </datafield>
      <datafield tag="111" ind1="2" ind2=" ">
         <subfield code="6">880-01</subfield>
         <subfield code="a">Quan guo kao gu yu wen wu bao hu hua xue xue shu yan tao hui</subfield>
         <subfield code="n">(10th :</subfield>
         <subfield code="d">2008 :</subfield>
         <subfield code="c">Nanning, China)</subfield>
      </datafield>
      <datafield tag="245" ind1="1" ind2="0">
         <subfield code="6">880-02</subfield>
         <subfield code="a">Wen wu bao hu yan jiu xin lun :</subfield>
         <subfield code="b">Quan guo di shi jie kao gu yu wen wu bao hu hua xue xue shu yan tao hui lun wen ji /</subfield>
         <subfield code="c">Guangxi Zhuangzu Zizhiqu bo wu guan ... [et al.] bian.</subfield>
      </datafield>
      <datafield tag="246" ind1="3" ind2="0">
         <subfield code="6">880-03</subfield>
         <subfield code="a">Quan guo di shi jie kao gu yu wen wu bao hu hua xue xue shu yan tao hui lun wen ji</subfield>
      </datafield>
      <datafield tag="250" ind1=" " ind2=" ">
         <subfield code="6">880-04</subfield>
         <subfield code="a">Di 1 ban.</subfield>
      </datafield>
      <datafield tag="260" ind1=" " ind2=" ">
         <subfield code="6">880-05</subfield>
         <subfield code="a">Beijing :</subfield>
         <subfield code="b">Wen wu chu ban she,</subfield>
         <subfield code="c">2008.</subfield>
      </datafield>
      <datafield tag="300" ind1=" " ind2=" ">
         <subfield code="a">411 p. :</subfield>
         <subfield code="b">ill. (some col.) ;</subfield>
         <subfield code="c">29 cm.</subfield>
      </datafield>
      <datafield tag="500" ind1=" " ind2=" ">
         <subfield code="a">Conference held in Nov. 2008 in Nanning, China.</subfield>
      </datafield>
      <datafield tag="504" ind1=" " ind2=" ">
         <subfield code="a">Includes bibliographical references.</subfield>
      </datafield>
      <datafield tag="520" ind1=" " ind2=" ">
         <subfield code="6">880-06</subfield>
         <subfield code="a">Ben shu wei Quan guo di shi jie kao gu yu wen wu bao hu hua xue xue shu yan tao hui wen lun ji, shou lu lun wen qi shi yu pain, nei rong she ji qi, mu, zhu qi lei wen wu bao hu, zhi zhi, fang zhi pin lei wen wu bao hu, bo wu guan huan jing deng.</subfield>
      </datafield>
      <datafield tag="505" ind1="0" ind2="0">
         <subfield code="6">880-07</subfield>
         <subfield code="g">Qi mu zhu wi lei wen wu bao hu.</subfield>
         <subfield code="t">Gu ji mu han tao tan hua xian xiang tan jiu /</subfield>
         <subfield code="r">Gong Decai --</subfield>
         <subfield code="t">PEG wen ding hai xiang di ceng chu tu gu mu cai shi de suan xing fu shu yan jiu /</subfield>
         <subfield code="r">Lu Heng --</subfield>
         <subfield code="t">Hanyang ling kao gu fa jue chu tu Xi Han shi qi mu cai de shu zhong jian ding /</subfield>
         <subfield code="r">Li Ku, Shi Ning, Feng Dejun --</subfield>
         <subfield code="t">Qian tan guan cang qi mu zhu qi de bao cun huan jing /</subfield>
         <subfield code="r">Shen Aijun</subfield>
         <subfield code="g">Zhi zhi fang zhi pin lei wen wu bao hu.</subfield>
         <subfield code="t">Cai yong Xi fang xiu fu fang fa dui Zhongguo "Chi bi tu Zhao Xian xian zhui he po xian ci zhen ji" zhong yi fu shan shui hua de xiu fu /</subfield>
         <subfield code="r">Li Hua --</subfield>
         <subfield code="t">Sheng wu mie zai zhi zhi wen wu xiu fu zhong de ying yong /</subfield>
         <subfield code="r">Xu Wenjuan --</subfield>
         <subfield code="t">Zhong Ri zhi zhi wen wu bao hu xiu fu li nian yu fang fa /</subfield>
         <subfield code="r">Cao Mingqing, Che Bin --</subfield>
         <subfield code="t">Huan bao xing tan su wei xing shou cang huan jing dui zhi zhi wen wu de nai jiu bao hu zuo yong yan jiu /</subfield>
         <subfield code="r">Fu Hui, Li Yulong, --</subfield>
         <subfield code="t">Lun fang zhi pin wen wu shi xi de li yu bi /</subfield>
         <subfield code="r">Lu Zhiyong, Hui Ren --</subfield>
         <subfield code="t">Fang zhi pin wen wu xian wei cai zhi jian ce fang fa yan jiu /</subfield>
         <subfield code="r">Wang Yunli --</subfield>
         <subfield code="t">Shanxi li shi bo wu guan fang zhi pin chong hai xun zhen fang zhi yan jiu ji chu li shi shi /</subfield>
         <subfield code="r">Bai Chongbin, Zhou Weiqiang --</subfield>
         <subfield code="t">“Da Changle ming guang fu shou you” zhi jin fang zhen de bao hu xiu fu /</subfield>
         <subfield code="r">Gou Jinlong --</subfield>
         <subfield code="t">Tuerji Shan Liao mu chu tu fang zhi pin de bao hu ji chu bu yan jiu /</subfield>
         <subfield code="r">葛丽敏</subfield>
      </datafield>
      <datafield tag="505" ind1="0" ind2="0">
         <subfield code="6">880-08</subfield>
         <subfield code="g">Jin shu lei wen wu bao hu.</subfield>
         <subfield code="t">Sui Tang mu chu tu jin yin bi de fen xi yu gong yi yan jiu /</subfield>
         <subfield code="r">Yang Mangmang --</subfield>
         <subfield code="t">Zhongya Xiya Ouzhou dui Zhongguo jin yin qi zhi zuo gong yi de ying xiang /</subfield>
         <subfield code="r">Fan Lifu, Yang Xiaolin, Xu Xu --</subfield>
         <subfield code="t">Bu fen Shanxi Shang Zhou qing tong qi de jin xue xue yan jiu /</subfield>
         <subfield code="r">Dang Xiaojuan --</subfield>
         <subfield code="t">Qin dai qing tong qi biao zhun hua de yan jiu fang fa tan tao /</subfield>
         <subfield code="r">Li Xiuzhen --</subfield>
         <subfield code="t">Yuyi Han dai qing tong ti tong de xiu fu /</subfield>
         <subfield code="r">Qin Ya --</subfield>
         <subfield code="t">Tang dai qing tong shao zhu de fen li bao hu /</subfield>
         <subfield code="r">Xi Alei --</subfield>
         <subfield code="t">Qing tong qi zhuang shi gong yi de yi duo qi pa：cai hui gong yi /</subfield>
         <subfield code="r">Shen Maosheng --</subfield>
         <subfield code="t">Guangxi qing tong qi he tie qi wen wu chang jian bing hai ji qi fang zhi yan jiu /</subfield>
         <subfield code="r">Huang Huaiwu --</subfield>
         <subfield code="t">Tu rang pH zhi dui qing tong qi xiu shi zhong li zi qian xi de ying xiang /</subfield>
         <subfield code="r">Wei Zhan, Liu Cheng, Zhai Quntao, Yu Jian, Pan Jiao --</subfield>
         <subfield code="t">Lü li zi xuan ze dian ji zai qing tong fen zhuan xiu chu li zhong de ying yong /</subfield>
         <subfield code="r">She Lu, Zhang Yi, Wu Haitao, Pan Jiao, Liu Cheng --</subfield>
         <subfield code="t">Xian ren tai Shi Guo mu di chu tu qing tong qi xiu shi yan jiu /</subfield>
         <subfield code="r">Zhao Fengyan, Li Xiuhui --</subfield>
         <subfield code="t">Guangxi gu dai tong gu he ji cheng fen ji jin shu cai zhi de yan jiu /</subfield>
         <subfield code="r">Huang Qishan, Wu Weifeng --</subfield>
         <subfield code="t">Shen shou tong jing de ke ji jian bie /</subfield>
         <subfield code="r">Zhoug Ping, Qi Yang, Hou Jingmin, Ma Honglin, Yu Qunli, Ma Linyan --</subfield>
         <subfield code="t">Gu tong jing de fen lei te dian ji bao hu xiu fu /</subfield>
         <subfield code="r">Zhang Huanjin, Zhang Xiaolan --</subfield>
      </datafield>
      <datafield tag="505" ind1="0" ind2="0">
         <subfield code="6">880-09</subfield>
         <subfield code="t">Zhongguo gu dai tong jing de he jin zu cheng cheng fen bian hua kao xi /</subfield>
         <subfield code="r">Zhou Ping, Hou Jingming --</subfield>
         <subfield code="t">Liang jian Han dai tie qi de jin xiang xue fen xi jian ce yan jiu /</subfield>
         <subfield code="r">Dang Xiaojuan, Rong Bo, Xu Weihong --</subfield>
         <subfield code="t">Quan Zhou hai wai jiao tong shi bo wu guan cang Ming Tian qi si nian hong yi da pao de tan tao /</subfield>
         <subfield code="r">Hu Xiaowei, Chen Jianli --</subfield>
         <subfield code="t">Tie qi wen wu chu xiu ji shu de xian zhuang ji jin zhan /</subfield>
         <subfield code="r">Li Yanping --</subfield>
         <subfield code="g">Shi zhi tao qi lei wen wu bao hu.</subfield>
         <subfield code="t">Gaogouli shi zhi wen wu wu li feng hua, hua xue feng hua ji li yan jiu /</subfield>
         <subfield code="r">Wang Huizhen, Feng Nan, Song Disheng, Zhu Hong, Yan Sumei, Zhou Tie, Zhao Hailong, Dong Feng --</subfield>
         <subfield code="t">Gaogouli shi zhi wen wu sheng wu feng hua ji bao hu fang fa yan jiu /</subfield>
         <subfield code="r">Wang Wang Huizhen, Yan Sumei, Feng Nan, Zhou Tie, Song Disheng, Zhu Hong --</subfield>
         <subfield code="t">Gu gong qing ti fan jian wen ti de chu bu fen xi yan jiu /</subfield>
         <subfield code="r">Wang Shiwei, Qu Liang --</subfield>
         <subfield code="t">Da zu shi ke Baoding Shan Kongqu Ming wang kan bao hu xiu fu /</subfield>
         <subfield code="r">Chen Huili, Yan Xuefeng, Xi Zhoukuan --</subfield>
         <subfield code="t">Longmeng shi ku ri chang wei hu zhong de feng feng ji shu /</subfield>
         <subfield code="r">Zhou Weiqiang, Wang Yongjin, Liu Linxi --</subfield>
         <subfield code="t">Nei Menggu Xinglongwa yi zhi ch utu tao qi de chu bu fen xi yu yan jiu /</subfield>
         <subfield code="r">Zhao Chunyan, Feng Songlin, Liu Guoxiang --</subfield>
         <subfield code="t">Song Yaozhou yao gua ling xing shuang er guan de xiu fu /</subfield>
         <subfield code="r">Yang Yun --</subfield>
      </datafield>
      <datafield tag="505" ind1="0" ind2="0">
         <subfield code="6">880-10</subfield>
         <subfield code="g">Cai hui bi hua ni su lei wen wu bao hu.</subfield>
         <subfield code="t">Po sui bi hua de bao hu ji yi ji /</subfield>
         <subfield code="r">Yang Weiqing --</subfield>
         <subfield code="t">Bi hua xiu fu de shi jian yu ti hui /</subfield>
         <subfield code="r">Tang Meifang --</subfield>
         <subfield code="t">Tang Anguo xiang Wang ru ren mu bi hua xiu fu you gan /</subfield>
         <subfield code="r">Qi Xuejuan --</subfield>
         <subfield code="t">Bei yue miao gu jian qiang ti han shui lü ke rong yan dui dian tang bi hua de ying xiang diao cha /</subfield>
         <subfield code="r">Yu Qunli, Yang Qiuyin, Ma Tao --</subfield>
         <subfield code="t">Shao lin si Bai yi dian mu gou cai hua yang pin de XRD fen xi yan jiu /</subfield>
         <subfield code="r">Wang Zhan --</subfield>
         <subfield code="t">Gu jian cai hua su liao qu dai yu nai jiu xing xi tong ping jia yan jiu /</subfield>
         <subfield code="r">Hu Xiaoqin, Li Yuhu, Hu Daodao, Li Juan --</subfield>
         <subfield code="t">Gu jian cai hui di zhang yong tong you ao zhi zuo yong yan jiu /</subfield>
         <subfield code="r">Li Huiyun, Hu Daodao, Li Yuhu --</subfield>
         <subfield code="t">Gu jian cai hui di chang ceng ge wu liao xing mao guan cha ji zuo yong tan tao /</subfield>
         <subfield code="r">Li Juan, Li Yuhu, Hu Daodao, Hu Xiaoqin --</subfield>
         <subfield code="t">Xi'an Diqu da qi jiang chen dui gu jian you shi cai hua de ying xiang yan jiu /</subfield>
         <subfield code="r">He Qiuju, Wang Liqin, Bianbadunzhu --</subfield>
         <subfield code="t">You hua bao cun xiu fu zhong de mian mo zhi zuo ji qi ying yong /</subfield>
         <subfield code="r">Chen Zhiliang --</subfield>
         <subfield code="t">Cai hui Qin yong bao hu xiu fu gui fan hua tan suo：yi 04T21G18- lin 002 wei li /</subfield>
         <subfield code="r">Lan Desheng --</subfield>
         <subfield code="t">Fengxiang bo wu guan cai hui san cai yong de bao hu yan jiu /</subfield>
         <subfield code="r">Yan Sumei --</subfield>
         <subfield code="t">Xian Qin zhi liang Han bi hua he cai hui tao qi de fa xian ji qi lan zi se yan liao de ying yong /</subfield>
         <subfield code="r">Wang Weifeng --</subfield>
         <subfield code="t">Xi'an nan jiao Qin mu chu tu liang jian han you Zhongguo lan Zhonguo zi qi wu de chu bu fen xi /</subfield>
         <subfield code="r">Feng Jian --</subfield>
         <subfield code="t">Yulin Jingbian Yangqiaopan lao feng Han mu cai hui tao qi pian guang xian wei feng xi /</subfield>
         <subfield code="r">Xian Yin, Ma Mingzhi, Shao Anding, Wang Weilin --</subfield>
         <subfield code="t">Xi'an Xinfeng chu tu qi qi cai hui ceng de fen xi yan jiu /</subfield>
         <subfield code="r">Fu Qianli, Zhang Shangxin, Sun Weigang --</subfield>
      </datafield>
      <datafield tag="505" ind1="0" ind2="0">
         <subfield code="6">880-11</subfield>
         <subfield code="g">Bo wu guan huan jing.</subfield>
         <subfield code="t">Gu gong yuan zhuang cheng lie shi wen wu huan jing dui bu fen you ji zhi cai liao ying xiang de shi yan yan jiu /</subfield>
         <subfield code="r">Tian Jinying, Song Jirong --</subfield>
         <subfield code="t">Qin shi huang bing ma yong bo wu yi hao keng wen wu bao cun huan jing fen xi jian ce yan jiu /</subfield>
         <subfield code="r">Rong Bo --</subfield>
         <subfield code="t">Qing shi huang bi ma yong bo wu guan yi er san hao keng shi nei kong qi wei sheng wu jian ce tong ji bao gao /</subfield>
         <subfield code="r">Yan Sumei, Zhou Tie, Mao Xiaofeng, Hua Jianhua, Nie Li --</subfield>
         <subfield code="t">Guan yu Xi'an bei lin xin shi ke guan ji ku fang she ji zhong yin kao lü de wen wu bao cun huan jing wen ti /</subfield>
         <subfield code="r">Mou Wei, Liu Ning --</subfield>
         <subfield code="t">Huan shan yan hua bao cun huan jing diao cha fen xi /</subfield>
         <subfield code="r">Guo Hong, Huang Huaiwu, Zhi Qiuping, Gao Xiaoyang, Jing Yan, Zhang Fang, Zhao Daiying --</subfield>
         <subfield code="t">Zibo Shi bo wu guan wen wu bao cun huan jing gai shan cuo shi /</subfield>
         <subfield code="r">Gao Xiaoyang --</subfield>
         <subfield code="t">Leng que chu shi wen wu huan jing kong shi she shi de shi yong xing fen xi /</subfield>
         <subfield code="r">Zheng Youming --</subfield>
      </datafield>
      <datafield tag="505" ind1="0" ind2="0">
         <subfield code="6">880-12</subfield>
         <subfield code="g">Qi ta.</subfield>
         <subfield code="t">Tu yi zhi jian gu bao hu cai liao xian chang shi yan chu bu yan jiu /</subfield>
         <subfield code="r">Sun lijuan, Li Bo, Yang Yuchuan, Shi Wenbo --</subfield>
         <subfield code="t">Wen wu bao hu zhong ke rong yan de fang zhi /</subfield>
         <subfield code="r">Zhang Zhijun, Zhang Yi --</subfield>
         <subfield code="t">Nuo mi hui jiang：Zhongguo gu dai jian zhi ji shu de zhong yao fa ming zhi yi /</subfield>
         <subfield code="r">Yang Fuwei, Zhang Bingjian, Pan Changchu, Zeng Yuyao --</subfield>
         <subfield code="t">Qian tong wei su fa zai yan jiu gu dai qing tong kuang liao lai yuan zhong xu yao de ruo tan wen ti /</subfield>
         <subfield code="r">Yang Lu, Huang Jianhua, Yan Sumei --</subfield>
         <subfield code="t">San wei shi pin xian wei xi tong zai wen wu bao hu zhong de ying yong /</subfield>
         <subfield code="r">Wang Chunlei --</subfield>
         <subfield code="t">Ying yong zheng jiao shi yan fen xi bai hui gao zhi zuo guo cheng zhong ge yin su dui xing neng de ying xiang /</subfield>
         <subfield code="r">Xu Lu, Yang Wenzong, Liu Cheng --</subfield>
         <subfield code="t">Gu dai bo li zhi zuo zhong de ti yu xi de shi yong /</subfield>
         <subfield code="r">Cheng Qian, Guo Jinlong --</subfield>
         <subfield code="t">Zhi wu jing you dui za ni gu dao cheng chong de du li ce ding /</subfield>
         <subfield code="r">Wang Chun, Yuan Quan, Yang Jun, Liu Zhi --</subfield>
         <subfield code="t">Bo wu guan cang pin hai chong de zong he fang zhi qian yi /</subfield>
         <subfield code="r">Duan Xumei --</subfield>
         <subfield code="t">Wu dang an xin xi shu ju ku guan li xi tong fa zhan xiao yi /</subfield>
         <subfield code="r">Hou Jingmin --</subfield>
         <subfield code="t">Ke ji yu chuan tong jian bie xiang jie hu shi wen wu jian ding gong zuo de bi you zhi lu：Xi'an wen wu bao hu xiu fu zhong xin ke ji jian bie gong zuo hui gu /</subfield>
         <subfield code="r">Qi Yang, Zhou Ping, Zhou Weiqiang, Ma Linyan, Ma Honglin --</subfield>
         <subfield code="t">Cong jiu jie “Kao gu wen wu bao hu hua xue xue shu yan tao hui” lun wen ji wen xian ji liang fen xi kan Zhongguo kao gu yu wen wu bao hu hua xue de fa zhan /</subfield>
         <subfield code="r">Xie Yan, Qian Junlong, Xiong Yingfei, Pan Xiaolun.</subfield>
      </datafield>
      <datafield tag="650" ind1=" " ind2="0">
         <subfield code="a">Art</subfield>
         <subfield code="x">Protection</subfield>
         <subfield code="z">China</subfield>
         <subfield code="v">Congresses.</subfield>
      </datafield>
      <datafield tag="651" ind1=" " ind2="0">
         <subfield code="a">China</subfield>
         <subfield code="x">Antiquities</subfield>
         <subfield code="x">Collection and preservation</subfield>
         <subfield code="v">Congresses.</subfield>
      </datafield>
      <datafield tag="650" ind1=" " ind2="7">
         <subfield code="a">Antiquities</subfield>
         <subfield code="x">Collection and preservation.</subfield>
         <subfield code="2">fast</subfield>
         <subfield code="0">(OCoLC)fst00810747</subfield>
      </datafield>
      <datafield tag="650" ind1=" " ind2="7">
         <subfield code="a">Art</subfield>
         <subfield code="x">Protection.</subfield>
         <subfield code="2">fast</subfield>
         <subfield code="0">(OCoLC)fst00815316</subfield>
      </datafield>
      <datafield tag="651" ind1=" " ind2="7">
         <subfield code="a">China.</subfield>
         <subfield code="2">fast</subfield>
         <subfield code="0">(OCoLC)fst01206073</subfield>
      </datafield>
      <datafield tag="655" ind1=" " ind2="7">
         <subfield code="a">Conference proceedings.</subfield>
         <subfield code="2">fast</subfield>
         <subfield code="0">(OCoLC)fst01423772</subfield>
      </datafield>
      <datafield tag="710" ind1="2" ind2=" ">
         <subfield code="a">Guangxi Zhuangzu Zizhiqu bo wu guan</subfield>
         <subfield code="6">880-13</subfield>
      </datafield>
      <datafield tag="776" ind1="0" ind2="8">
         <subfield code="i">Online version:</subfield>
         <subfield code="a">Quan guo kao gu yu wen wu bao hu hua xue xue shu yan tao hui (10th : 2008 : Nanning, China)</subfield>
         <subfield code="t">Wen wu bao hu yan jiu xin lun.</subfield>
         <subfield code="b">Di 1 ban.</subfield>
         <subfield code="d">Beijing : Wen wu chu ban she, 2008</subfield>
         <subfield code="w">(OCoLC)690803425</subfield>
      </datafield>
      <datafield tag="880" ind1="2" ind2=" ">
         <subfield code="6">111-01/</subfield>
         <subfield code="a">全国考古与文物保护化学学术研讨会</subfield>
         <subfield code="n">(10th :</subfield>
         <subfield code="d">2008 :</subfield>
         <subfield code="c">Nanning, China)</subfield>
      </datafield>
      <datafield tag="880" ind1="1" ind2="0">
         <subfield code="6">245-02/</subfield>
         <subfield code="a">文物保护研究新论 :</subfield>
         <subfield code="b">全国第十届考古与文物保护化学学术研讨会论文集 /</subfield>
         <subfield code="c">广西壮族自治区博物馆 ... [et al.] 编.</subfield>
      </datafield>
      <datafield tag="880" ind1="3" ind2="0">
         <subfield code="6">246-03/</subfield>
         <subfield code="a">全国第十届考古与文物保护化学学术研讨会论文集</subfield>
      </datafield>
      <datafield tag="880" ind1=" " ind2=" ">
         <subfield code="6">250-04/</subfield>
         <subfield code="a">第1版.</subfield>
      </datafield>
      <datafield tag="880" ind1=" " ind2=" ">
         <subfield code="6">260-05/</subfield>
         <subfield code="a">北京 :</subfield>
         <subfield code="b">文物出版社,</subfield>
         <subfield code="c">2008.</subfield>
      </datafield>
      <datafield tag="880" ind1=" " ind2=" ">
         <subfield code="6">520-06/</subfield>
         <subfield code="a">本书为全国第十届考古与文物保护化学学术研讨会文论集，收录论文七十余篇，内容涉及漆、木、竹器类文物保护，纸质、纺织品类文物保护，金属类文物保护，博物馆环境等。</subfield>
      </datafield>
      <datafield tag="880" ind1="0" ind2="0">
         <subfield code="6">505-07/</subfield>
         <subfield code="g">漆木竹器类文物保护.</subfield>
         <subfield code="t">古籍木函套炭化现象探究 /</subfield>
         <subfield code="r">龚德才 --</subfield>
         <subfield code="t">PEG稳定海相地层出土古木材时的酸性腐蚀研究 /</subfield>
         <subfield code="r">卢衡 --</subfield>
         <subfield code="t">汉阳陵考古发掘出土西汉时期木材的树种鉴定 /</subfield>
         <subfield code="r">李库, 石宁, 冯德均 --</subfield>
         <subfield code="t">浅谈馆藏漆木竹器的保存环境 /</subfield>
         <subfield code="r">申艾君</subfield>
         <subfield code="g">纸质纺织品类文物保护.</subfield>
         <subfield code="t">采用西方修复方法对中国《赤壁图赵闲闲追和坡仙词真迹》中一幅山水画的修复 /</subfield>
         <subfield code="r">李华 --</subfield>
         <subfield code="t">生物酶在纸质文物修复中的应用 /</subfield>
         <subfield code="r">徐文娟 --</subfield>
         <subfield code="t">中日纸质文物保护修复理念与方法 /</subfield>
         <subfield code="r">曹铭, 清陈斌 --</subfield>
         <subfield code="t">环保型碳素微型收藏环境对纸质文物的耐久保护作用研究 /</subfield>
         <subfield code="r">付慧, 李玉龙 --</subfield>
         <subfield code="t">论纺织品文物湿洗的利于弊 /</subfield>
         <subfield code="r">路智勇, 惠仁 --</subfield>
         <subfield code="t">纺织品文物纤维材质检测方法研究 /</subfield>
         <subfield code="r">王允丽 --</subfield>
         <subfield code="t">陕西历史博物馆纺织品虫害熏蒸防治研究及处理实施 /</subfield>
         <subfield code="r">白崇斌, 周伟强 --</subfield>
         <subfield code="t">“大长乐明光福受右”治锦方枕的保护修复 /</subfield>
         <subfield code="r">郭金龙 --</subfield>
         <subfield code="t">吐尔基山辽墓出土纺织品的保护剂初步研究 /</subfield>
         <subfield code="r">葛丽敏 --</subfield>
      </datafield>
      <datafield tag="880" ind1="0" ind2="0">
         <subfield code="6">505-08/</subfield>
         <subfield code="g">金属类文物保护.</subfield>
         <subfield code="t">隋唐墓出土金银币的分析与工艺研究 /</subfield>
         <subfield code="r">杨忙忙 --</subfield>
         <subfield code="t">中亚西亚欧洲对中国金银器制作工艺的影响 /</subfield>
         <subfield code="r">范立夫, 杨小林, 胥谞 --</subfield>
         <subfield code="t">部分陕西商周青铜器的金相学研究 /</subfield>
         <subfield code="r">党小娟 --</subfield>
         <subfield code="t">秦代青铜器标准化的研究方法探讨 /</subfield>
         <subfield code="r">李秀珍 --</subfield>
         <subfield code="t">盱眙汉代青铜提桶的修复 /</subfield>
         <subfield code="r">秦亚 --</subfield>
         <subfield code="t">唐代青铜勺箸的分离保护 /</subfield>
         <subfield code="r">习阿磊 --</subfield>
         <subfield code="t">青铜器装饰工艺的一朵奇葩：彩绘工艺 /</subfield>
         <subfield code="r">申茂盛 --</subfield>
         <subfield code="t">广西青铜器和铁器文物常见病害及其防治研究 /</subfield>
         <subfield code="r">黄槐武 --</subfield>
         <subfield code="t">土壤pH值对青铜器锈蚀中离子迁徙的影响 /</subfield>
         <subfield code="r">魏珍, 刘成, 翟群涛, 余健, 潘娇 --</subfield>
         <subfield code="t">氯离子选择电极在青铜粉状锈处理中的应用 /</subfield>
         <subfield code="r">沈璐, 张怡, 吴海涛, 潘娇, 刘成 --</subfield>
         <subfield code="t">仙人台邿国墓地出土青铜器锈蚀研究 /</subfield>
         <subfield code="r">赵凤燕, 李秀辉 --</subfield>
         <subfield code="t">广西古代铜鼓合金成分及金属材质的研究 /</subfield>
         <subfield code="r">黄启善, 吴伟峰 --</subfield>
         <subfield code="t">神兽铜镜的科技鉴别 /</subfield>
         <subfield code="r">周萍, 齐扬, 侯静敏, 马宏林, 于群力, 马琳燕 --</subfield>
         <subfield code="t">古铜镜的分类特点及保护修复 /</subfield>
         <subfield code="r">张恒金, 张晓岚 --</subfield>
      </datafield>
      <datafield tag="880" ind1="0" ind2="0">
         <subfield code="6">505-09/</subfield>
         <subfield code="t">中国古代铜镜的合金组成成分变化考析 /</subfield>
         <subfield code="r">周萍, 侯静敏 --</subfield>
         <subfield code="t">两件汉代铁器的金相学分析检测研究 /</subfield>
         <subfield code="r">党小娟, 容波, 许卫红 --</subfield>
         <subfield code="t">泉州海外交通史博物馆藏明天启四年红夷大炮的探讨 /</subfield>
         <subfield code="r">胡晓伟, 陈建立 --</subfield>
         <subfield code="t">铁器文物除锈技术的现状及进展 /</subfield>
         <subfield code="r">李艳萍 --</subfield>
         <subfield code="g">石质陶器类文物保护.</subfield>
         <subfield code="t">高句丽石质文物物理风化，化学风化机理研究 /</subfield>
         <subfield code="r">王蕙贞, 冯楠, 宋迪生, 朱泓, 严苏梅, 周铁, 赵海龙, 董峰 --</subfield>
         <subfield code="t">高句丽石质文物生物风化及保护方法研究 /</subfield>
         <subfield code="r">王蕙贞, 严苏梅, 冯楠, 周铁, 宋迪生, 朱泓 --</subfield>
         <subfield code="t">故宫墙体返碱问题的初步分析研究 /</subfield>
         <subfield code="r">王时伟, 曲亮 --</subfield>
         <subfield code="t">大足石刻宝顶山孔雀明王龛保护修复 /</subfield>
         <subfield code="r">陈卉丽, 燕学峰, 席周宽 --</subfield>
         <subfield code="t">龙门石窟日常维护中的封缝技术 /</subfield>
         <subfield code="r">周伟强, 王永进, 刘林西 --</subfield>
         <subfield code="t">内蒙古兴隆洼遗址出土陶器的初步分析与研究 /</subfield>
         <subfield code="r">赵春燕, 冯松林, 刘国祥 --</subfield>
         <subfield code="t">宋耀州窑瓜棱形双耳罐的修复 /</subfield>
         <subfield code="r">杨蕴 --</subfield>
      </datafield>
      <datafield tag="880" ind1="0" ind2="0">
         <subfield code="6">505-10/</subfield>
         <subfield code="g">彩绘壁画泥塑类文物保护.</subfield>
         <subfield code="t">破碎壁画的保护及意义 /</subfield>
         <subfield code="r">杨蔚青 --</subfield>
         <subfield code="t">壁画修复的实践与体会 /</subfield>
         <subfield code="r">唐美芳 --</subfield>
         <subfield code="t">唐安国相王孺人墓壁画修复有感 /</subfield>
         <subfield code="r">戚雪娟 --</subfield>
         <subfield code="t">北岳庙古建墙体含水率可溶盐对殿堂壁画的影响调查 /</subfield>
         <subfield code="r">于群力, 杨秋颖, 马涛 --</subfield>
         <subfield code="t">少林寺白衣殿木构彩画样品的XRD分析研究 /</subfield>
         <subfield code="r">王展 --</subfield>
         <subfield code="t">古建彩画塑料取代与耐久性系统评价研究 /</subfield>
         <subfield code="r">胡晓琴, 李玉虎, 胡道道, 李娟 --</subfield>
         <subfield code="t">古建彩绘地仗用桐油熬制作用研究 /</subfield>
         <subfield code="r">李会云, 胡道道, 李玉虎 --</subfield>
         <subfield code="t">古建彩绘地仗层各物料形貌观察及作用探讨 /</subfield>
         <subfield code="r">李娟, 李玉虎, 胡道道, 胡晓琴 --</subfield>
         <subfield code="t">西安地区大气降尘对古建油饰彩画的影响研究 /</subfield>
         <subfield code="r">何秋菊, 王丽琴, 边巴顿珠 --</subfield>
         <subfield code="t">油画保存修复中的面膜制作及其应用 /</subfield>
         <subfield code="r">陈志亮 --</subfield>
         <subfield code="t">彩绘秦俑保护修复规范化探索：以04T21G18-临002为例 /</subfield>
         <subfield code="r">兰德省 --</subfield>
         <subfield code="t">凤翔博物馆彩绘三彩俑的保护研究 /</subfield>
         <subfield code="r">严苏梅 --</subfield>
         <subfield code="t">先秦至两汉壁画和彩绘陶器的发现及其蓝紫色颜料的应用 /</subfield>
         <subfield code="r">王伟峰 --</subfield>
         <subfield code="t">西安南郊秦墓出土两件含有中国蓝中国紫器物的初步分析 /</subfield>
         <subfield code="r">冯健 --</subfield>
         <subfield code="t">榆林靖边杨桥畔老坟汉墓彩绘陶器颜料偏光显微分析 /</subfield>
         <subfield code="r">夏寅, 马明志, 邵安定, 王玮林 --</subfield>
         <subfield code="t">西安新丰出土漆器彩绘层的分析研究 /</subfield>
         <subfield code="r">付倩丽, 张尚欣, 孙伟刚 --</subfield>
      </datafield>
      <datafield tag="880" ind1="0" ind2="0">
         <subfield code="6">505-11/</subfield>
         <subfield code="g">博物馆环境.</subfield>
         <subfield code="t">故宫原状陈列室文物环境对部分有机质材料影响的实验研究 /</subfield>
         <subfield code="r">田金英, 宋纪蓉 --</subfield>
         <subfield code="t">秦始皇兵马俑博物馆一号坑文物保存环境分析检测研究 /</subfield>
         <subfield code="r">容波 --</subfield>
         <subfield code="t">秦始皇兵马俑博物馆一二三号坑室内空气微生物检测统计报告 /</subfield>
         <subfield code="r">严苏梅, 周铁, 毛小芬, 黄建华, 聂莉 --</subfield>
         <subfield code="t">关于西安碑林新石刻馆及库房设计中因考虑的文物保存环境问题 /</subfield>
         <subfield code="r">牟炜, 刘宁 --</subfield>
         <subfield code="t">花山岩画保存环境调查分析 /</subfield>
         <subfield code="r">郭宏, 黄槐武, 朱秋平, 高晓阳, 井燕, 张芳, 赵代盈 --</subfield>
         <subfield code="t">淄博市博物馆文物保存环境改善措施 /</subfield>
         <subfield code="r">高晓阳 --</subfield>
         <subfield code="t">冷却除湿文物环境控制设施的适用性分析 /</subfield>
         <subfield code="r">郑幼明 --</subfield>
      </datafield>
      <datafield tag="880" ind1="0" ind2="0">
         <subfield code="6">505-12/</subfield>
         <subfield code="g">其他.</subfield>
         <subfield code="t">土遗址甲骨保护材料现场试验初步研究 /</subfield>
         <subfield code="r">孙丽娟, 李博, 杨予川, 施文博 --</subfield>
         <subfield code="t">文物保护中可熔盐的防治 /</subfield>
         <subfield code="r">张志军, 张益 糯米灰浆：中国古代建筑技术的重要发明之一 /</subfield>
         <subfield code="r">杨富巍, 张秉坚, 潘昌初, 曾余瑶 --</subfield>
         <subfield code="t">铅同位素法在研究古代青铜矿料来源中需要注意的若干问题 /</subfield>
         <subfield code="r">杨璐, 黄健华, 严苏梅 --</subfield>
         <subfield code="t">三维视频显微系统在文物保护中的应用 /</subfield>
         <subfield code="r">王春蕾 --</subfield>
         <subfield code="t">应用正交实验分析白灰膏制作过程中各因素对性能的影响 /</subfield>
         <subfield code="r">徐璐, 杨文宗, 刘成 --</subfield>
         <subfield code="t">古代西方玻璃制作中锑与锡的使用 /</subfield>
         <subfield code="r">成倩, 郭金龙 --</subfield>
         <subfield code="t">植物精油对杂拟谷盗成虫的毒力测定 /</subfield>
         <subfield code="r">王春, 袁泉, 杨军, 刘智 --</subfield>
         <subfield code="t">博物馆藏品害虫的综合防治浅议 /</subfield>
         <subfield code="r">段绪美 --</subfield>
         <subfield code="t">物档案信息数据库管理系统发展小议 /</subfield>
         <subfield code="r">侯静敏 --</subfield>
         <subfield code="t">科技与传统鉴别相结合是文物鉴定工作的必有之路：西安文物保护修复中心科技鉴别工作回顾 /</subfield>
         <subfield code="r">齐扬, 周萍, 周伟强, 马琳燕, 马宏林 --</subfield>
         <subfield code="t">从九届“考古文物保护化学学术研讨会”论文集文献计量分析看中国考古与文物保护化学的发展 /</subfield>
         <subfield code="r">谢燕, 钱俊龙, 熊樱菲, 潘小伦.</subfield>
      </datafield>
      <datafield tag="880" ind1="2" ind2=" ">
         <subfield code="6">710-13/</subfield>
         <subfield code="a">广西壮族自治区博物馆.</subfield>
      </datafield>
      <datafield tag="994" ind1=" " ind2=" ">
         <subfield code="a">Z0</subfield>
         <subfield code="b">ZYU</subfield>
      </datafield>
      <datafield tag="OWN" ind1=" " ind2=" ">
         <subfield code="a">GENERAL</subfield>
      </datafield>
      <datafield tag="987" ind1=" " ind2=" ">
         <subfield code="a">PINYIN</subfield>
         <subfield code="b">JaToWDT</subfield>
         <subfield code="d">c</subfield>
      </datafield>
      <datafield tag="AVA" ind1=" " ind2=" ">
         <subfield code="a">NYU50</subfield>
         <subfield code="b">NISAW</subfield>
         <subfield code="c">Small Collection</subfield>
         <subfield code="d">N9065 .Q4 2008</subfield>
         <subfield code="e">available</subfield>
         <subfield code="t">Available</subfield>
         <subfield code="f">1</subfield>
         <subfield code="g">0</subfield>
         <subfield code="h">N</subfield>
         <subfield code="i">0</subfield>
         <subfield code="j">SMALL</subfield>
         <subfield code="k">0</subfield>
      </datafield>
      <marc:datafield tag="852" ind1=" " ind2=" ">
         <marc:subfield code="b">Institute for the Study of the Ancient World, </marc:subfield>
         <marc:subfield code="c">Small Collection</marc:subfield>
         <marc:subfield code="e">15 East 84th St., </marc:subfield>
         <marc:subfield code="e">New York, NY  10028</marc:subfield>
      </marc:datafield>
   </record>