
  
  
  
  
 
  
  <record xsi:schemaLocation="http://www.loc.gov/MARC21/slim http://www.loc.gov/standards/marcxml/schema/MARC21slim.xsd">
      <leader>00000cam  2200769 a 4500</leader>
      <controlfield tag="FMT">BK</controlfield>
      <controlfield tag="LDR">00000cam  2200769 a 4500</controlfield>
      <controlfield tag="001">004077622</controlfield>
      <controlfield tag="003">OCoLC</controlfield>
      <controlfield tag="005">20141208144015.0</controlfield>
      <controlfield tag="008">141208s2003    cc a     b    100 0 chi d</controlfield>
      <datafield tag="010" ind1=" " ind2=" ">
         <subfield code="a">2004386502</subfield>
      </datafield>
      <datafield tag="020" ind1=" " ind2=" ">
         <subfield code="a">7030117514</subfield>
      </datafield>
      <datafield tag="020" ind1=" " ind2=" ">
         <subfield code="a">9787030117519</subfield>
      </datafield>
      <datafield tag="035" ind1=" " ind2=" ">
         <subfield code="a">(OCoLC)54805640</subfield>
         <subfield code="z">(OCoLC)54948260</subfield>
      </datafield>
      <datafield tag="040" ind1=" " ind2=" ">
         <subfield code="a">CPV</subfield>
         <subfield code="b">eng</subfield>
         <subfield code="c">CPV</subfield>
         <subfield code="d">DLC</subfield>
         <subfield code="d">PIT</subfield>
         <subfield code="d">NLF</subfield>
         <subfield code="d">OCLCF</subfield>
         <subfield code="d">BCBTC</subfield>
         <subfield code="d">ZYU</subfield>
         <subfield code="d">NNU</subfield>
      </datafield>
      <datafield tag="042" ind1=" " ind2=" ">
         <subfield code="a">lccopycat</subfield>
      </datafield>
      <datafield tag="043" ind1=" " ind2=" ">
         <subfield code="a">a-cc-cq</subfield>
      </datafield>
      <datafield tag="050" ind1="0" ind2="0">
         <subfield code="a">DS796.C59247</subfield>
         <subfield code="b">S26 2001</subfield>
      </datafield>
      <datafield tag="066" ind1=" " ind2=" ">
         <subfield code="c">$1</subfield>
      </datafield>
      <datafield tag="082" ind1="0" ind2="4">
         <subfield code="a">DS796.C59247</subfield>
         <subfield code="b">S36 2003</subfield>
      </datafield>
      <datafield tag="111" ind1="2" ind2=" ">
         <subfield code="a">San Xia wen wu bao hu xue shu yan tao hui</subfield>
         <subfield code="d">(2001 :</subfield>
         <subfield code="c">Chongqing, China)</subfield>
         <subfield code="6">880-01</subfield>
      </datafield>
      <datafield tag="245" ind1="1" ind2="0">
         <subfield code="6">880-02</subfield>
         <subfield code="a">Chongqing 2001 San Xia wen wu bao hu xue shu yan tao hui lun wen ji /</subfield>
         <subfield code="c">Chongqing Shi wen wu ju, Chongqing Shi yi min ju bian.</subfield>
      </datafield>
      <datafield tag="246" ind1="1" ind2="5">
         <subfield code="a">Proceedings of 2001 conference on the protection of the Three Gorges' cultural Relics, Chongqing</subfield>
      </datafield>
      <datafield tag="246" ind1="3" ind2="0">
         <subfield code="6">880-03</subfield>
         <subfield code="a">2001 San Xia wen wu bao hu xue shu yan tao hui lun wen ji</subfield>
      </datafield>
      <datafield tag="246" ind1="3" ind2=" ">
         <subfield code="a">Er ling ling yi San Xia wen wu bao hu xue shu yan tao hui lun wen ji</subfield>
      </datafield>
      <datafield tag="250" ind1=" " ind2=" ">
         <subfield code="6">880-04</subfield>
         <subfield code="a">Di 1 ban.</subfield>
      </datafield>
      <datafield tag="260" ind1=" " ind2=" ">
         <subfield code="6">880-05</subfield>
         <subfield code="a">Beijing :</subfield>
         <subfield code="b">Ke xue chu ban she,</subfield>
         <subfield code="c">2003.</subfield>
      </datafield>
      <datafield tag="300" ind1=" " ind2=" ">
         <subfield code="a">ii, 358 p. :</subfield>
         <subfield code="b">ill. ;</subfield>
         <subfield code="c">30 cm.</subfield>
      </datafield>
      <datafield tag="490" ind1="1" ind2=" ">
         <subfield code="6">880-06</subfield>
         <subfield code="a">Chang Jiang San Xia gong cheng wen wu bao hu xiang mu bao gao. Ding zhong ;</subfield>
         <subfield code="v">di 1 hao</subfield>
      </datafield>
      <datafield tag="500" ind1=" " ind2=" ">
         <subfield code="a">Proceedings of "San Xia wen wu bao hu xue shu yan tao hui," held in Chongqing, China, Dec. 2001.</subfield>
      </datafield>
      <datafield tag="504" ind1=" " ind2=" ">
         <subfield code="a">Includes bibliographical references.</subfield>
      </datafield>
      <datafield tag="520" ind1=" " ind2=" ">
         <subfield code="6">880-07</subfield>
         <subfield code="a">Ben shu shi 2001 nian zai Chongqing zhao kai de yan tao hui hui yi lun wen ji, shou lu lun wen 48 pian, yi San xia di qu Chongqing ku qu wei zhu yao yan jiu dui xing, dui zi jiu shi qi shi dai qi dao Tang dai de ge zhong wen hua yi cun ji wen hua xian xiang wen hua jin xing le kao gu xue yan jiu, bing lun shu le xiang guan de ke ji kao gu shou duan he wen wu bao hu cuo shi.</subfield>
      </datafield>
      <datafield tag="505" ind1="0" ind2="0">
         <subfield code="6">880-08</subfield>
         <subfield code="t">San xia di qu zai Zhongguo jiu shi qi shi dai kao gu yan jiu zhong de di wei /</subfield>
         <subfield code="r">Gao Xing, Pei Shuwen, Feng Xingwu, Wei Qi --</subfield>
         <subfield code="t">San xia ji qi zhou wei di qu zao qi jiu shi qi yu Guangxi zao qi jiu shi qi de guan xi /</subfield>
         <subfield code="r">Lin Qiang, Xie Guangmao --</subfield>
         <subfield code="t">Chongqing Diqu shi qian wen hua zhi ge zheng /</subfield>
         <subfield code="r">Zhang Zhiheng, Zou Houxi, Yuan Dongshan --</subfield>
         <subfield code="t">Chongqing xia jiang di qu de xin shi qi wen hua /</subfield>
         <subfield code="r">Zou Houxi, Bai Jiujiang --</subfield>
         <subfield code="t">Chongqing Shi Wanzhou Qu Dazhouxi xia ceng yi cun qian xi /</subfield>
         <subfield code="r">Chen Shuqing --</subfield>
         <subfield code="t">Shi xi Xia xia qu xian Qin shi qi kao gu xue wen hua /</subfield>
         <subfield code="r">Zou Houben --</subfield>
         <subfield code="t">Badong Nanmuyuan yi zhi de fa xian yu yan jiu /</subfield>
         <subfield code="r">Wang Fengzhu, Yu Xiyun --</subfield>
         <subfield code="t">Sanxia Diqu shi qian ren lei fang wu jian zhu yi ji de kao gu fa xian yu yan jiu /</subfield>
         <subfield code="r">Yang Hua, Xu Xiaolin, Wu Yibing --</subfield>
         <subfield code="t">Sichuan Pendi xian Qin kao gu xue wen hua de bian qian ji qi dong yin de chu bu kao cha /</subfield>
         <subfield code="r">Jiang Zhanghua, Yan Jinsong --</subfield>
         <subfield code="t">Wanzhou Tangfangping yi zhi Xia dai wen hua yi cun jian xi /</subfield>
         <subfield code="r">Zhang Tian'en, Liu Daiyun --</subfield>
         <subfield code="t">Zhong Xia Dengjiatuo yi zhi Xi Zhou shi qi wen hua yi cun de chu bu ren shi /</subfield>
         <subfield code="r">Li Feng --</subfield>
         <subfield code="t">Shi lun Yunyang Lijiaba Zhan guo mu di de ji ge wen ti /</subfield>
         <subfield code="r">Huang Wei --</subfield>
         <subfield code="t">Peiling Xiaotian mu di shi dai zai tan tao /</subfield>
         <subfield code="r">Jiang Xiaochun --</subfield>
         <subfield code="t">Wu Shan Dong Zhou liang Han mu fen qi ji fen qu /</subfield>
         <subfield code="r">Lei Xingjun, Luo Honbing --</subfield>
         <subfield code="t">Wu Shan xiu feng yi zhong mu di Zhan guo mu zang shi xi /</subfield>
         <subfield code="r">Zhao Xinping --</subfield>
      </datafield>
      <datafield tag="505" ind1="0" ind2="0">
         <subfield code="6">880-09</subfield>
         <subfield code="t">Chongqing Shi Wantian Qu Xindian Zenjiaxi mu di fa jue shou huo yu chu bu ren shi /</subfield>
         <subfield code="r">Xiao Menglong --</subfield>
         <subfield code="t">Ba wen hua yan jiu de ji dian xi kao /</subfield>
         <subfield code="r">Fang Gang, Zhang Jianwen --</subfield>
         <subfield code="t">Ba wen hua fa zhan jie duan qian xi /</subfield>
         <subfield code="r">Huang Hai --</subfield>
         <subfield code="t">Qian lun Sanxia Diqu Xia Shang Zhou shi qi de wen hua ji qi bian qian /</subfield>
         <subfield code="r">Wang Hong, Yu Jiefang, Jin Guolin --</subfield>
         <subfield code="t">Lu Jiahe wen hua jian lun /</subfield>
         <subfield code="r">Lin Chun --</subfield>
         <subfield code="t">Chu lun wan qi Ba wen hua de lei xing /</subfield>
         <subfield code="r">Luo Erhu --</subfield>
         <subfield code="t">Chu wen hua de xi qian：Chu guo xiang xi kuo zhang de kao gu xue guan cha /</subfield>
         <subfield code="r">Zhu Ping --</subfield>
         <subfield code="t">Xiajiang Diqu Xi Han mu zang yan jiu de ruo gan xian suo /</subfield>
         <subfield code="r">Zheng Junlei --</subfield>
         <subfield code="t">Fengdu Diqu liang Han-Nan chao mu zang de chu bu yan jiu /</subfield>
         <subfield code="r">Wang Lijun --</subfield>
         <subfield code="t">Chongqing Diqu dong Han Liu chao shi qi he zang mu zhong de you guan wen ti /</subfield>
         <subfield code="r">Li Daying, Xiao Guitian --</subfield>
         <subfield code="t">Ming yue ba Tang dai Ji Zhen yi zhi chu bu yan jiu /</subfield>
         <subfield code="r">Li Yingfu --</subfield>
         <subfield code="t">Yong'an Zhen de fa jue ji Yong'an gong gu zhi kao /</subfield>
         <subfield code="r">Yuan Dongshan --</subfield>
         <subfield code="t">Wu Shan Dachang gu cheng de kan tan chu bu fa zhan ji yan jiu /</subfield>
         <subfield code="r">Wang Hong, Wei Guiyao --</subfield>
         <subfield code="t">Lun zao qi Fo xiang zai Chang Jiang liu yu de chua nbo：yi Han Jin kao gu cai liao wei zhong xin /</subfield>
         <subfield code="r">He Zhiguo --</subfield>
         <subfield code="t">Sanxia Diqu di li huan jing dui gu dai wen hua de ying xiang /</subfield>
         <subfield code="r">Mu Yulin --</subfield>
         <subfield code="t">Xiajiang Diqu gu dai ju luo cheng zhang de tan suo：cong Yujiazui wen hua yi cun de shi kong fen bu tan qi /</subfield>
         <subfield code="r">钟礼强, 李宁 --</subfield>
      </datafield>
      <datafield tag="505" ind1="0" ind2="0">
         <subfield code="6">880-10</subfield>
         <subfield code="t">San xia yu San guo /</subfield>
         <subfield code="r">Feng Qiusheng --</subfield>
         <subfield code="t">Zhong Xia Wazhadi yi zhi T363 dong wu yi hai chu bu guan cha /</subfield>
         <subfield code="r">Huang Yunping, Zhu Ping --</subfield>
         <subfield code="t">Dian zi ce hui zai Sanxia kao gu zhong de ying yong /</subfield>
         <subfield code="r">Qin Ling --</subfield>
         <subfield code="t">Sanxia kao gu zhong ying ru de liang xiang ke ji kao gu shou duan /</subfield>
         <subfield code="r">Pan Bihua, Huang Yingao, Meng He --</subfield>
         <subfield code="t">Chongqing Yunyang Guling Chu mu gao ke ji shou duan kan tan fa jue yu yan jiu /</subfield>
         <subfield code="r">Yang Lin, Lei Shenglin --</subfield>
         <subfield code="t">GPS zai tian ye kao gu gong zuo zhong de zuo yong /</subfield>
         <subfield code="r">Lin Guo, Zhu Bing --</subfield>
         <subfield code="t">Sanxia Kuqu di yu jian zhu te zheng tan jiu ji li yong /</subfield>
         <subfield code="r">Wang Bing --</subfield>
         <subfield code="t">Cong Zhang Fei miao de bao hu tan Zhongguo wen wu jian zhu bao hu mian lin de xin wen ti /</subfield>
         <subfield code="r">Lü Zhou --</subfield>
         <subfield code="t">Chongqing Shi Wushan Xian di mian wen wu jian zhu de bao hu yu yan jiu /</subfield>
         <subfield code="r">Zhang Yingying --</subfield>
         <subfield code="t">Chang Jiang Sanxia li shi shui wen ti ke /</subfield>
         <subfield code="r">Zhou Shaolin --</subfield>
         <subfield code="t">Hubei ku qu kao gu gong zuo de zhu yao shou huo /</subfield>
         <subfield code="r">Wang Fengzhu --</subfield>
         <subfield code="t">Qian tan Sanxia kao gu tian ye wen wu xiu fu /</subfield>
         <subfield code="r">Wang Haikuo --</subfield>
         <subfield code="t">Tan Daxi yi zhi mu zang de zheng ti qie ge ban qian /</subfield>
         <subfield code="r">Zhang Guangmin --</subfield>
         <subfield code="t">Qian xi Sanxia wen wu bao hu zhi zhi zhi dang an de shen cun huan jing /</subfield>
         <subfield code="r">Yang Xiaogang --</subfield>
         <subfield code="t">Da qi wu ran yin zi SO2 ying xiang hui yan liao bia nse de huan jing ce shi /</subfield>
         <subfield code="r">Zheng Liping, Xi Tongkuan --</subfield>
         <subfield code="t">Wanxia wen wu dang an zi liao guan li yu li yong qian tan /</subfield>
         <subfield code="r">Fan Xiaolan.</subfield>
      </datafield>
      <datafield tag="651" ind1=" " ind2="0">
         <subfield code="a">Chongqing (China)</subfield>
         <subfield code="6">880-11</subfield>
         <subfield code="x">Antiquities</subfield>
         <subfield code="v">Congresses.</subfield>
      </datafield>
      <datafield tag="650" ind1=" " ind2="0">
         <subfield code="a">Excavations (Archaeology)</subfield>
         <subfield code="z">China</subfield>
         <subfield code="z">Chongqing</subfield>
         <subfield code="v">Congresses.</subfield>
      </datafield>
      <datafield tag="650" ind1=" " ind2="7">
         <subfield code="a">Antiquities.</subfield>
         <subfield code="2">fast</subfield>
         <subfield code="0">(OCoLC)fst00810745</subfield>
      </datafield>
      <datafield tag="650" ind1=" " ind2="7">
         <subfield code="a">Excavations (Archaeology)</subfield>
         <subfield code="2">fast</subfield>
         <subfield code="0">(OCoLC)fst00917564</subfield>
      </datafield>
      <datafield tag="651" ind1=" " ind2="7">
         <subfield code="a">China</subfield>
         <subfield code="z">Chongqing.</subfield>
         <subfield code="2">fast</subfield>
         <subfield code="0">(OCoLC)fst01214395</subfield>
      </datafield>
      <datafield tag="655" ind1=" " ind2="7">
         <subfield code="a">Conference proceedings.</subfield>
         <subfield code="2">fast</subfield>
         <subfield code="0">(OCoLC)fst01423772</subfield>
      </datafield>
      <datafield tag="710" ind1="1" ind2=" ">
         <subfield code="a">Chongqing (China).</subfield>
         <subfield code="b">Wen wu ju</subfield>
         <subfield code="6">880-12</subfield>
      </datafield>
      <datafield tag="710" ind1="1" ind2=" ">
         <subfield code="a">Chongqing (China).</subfield>
         <subfield code="b">Yi min ju</subfield>
         <subfield code="6">880-13</subfield>
      </datafield>
      <datafield tag="776" ind1="0" ind2="8">
         <subfield code="i">Online version:</subfield>
         <subfield code="a">San Xia wen wu bao hu xue shu yan tao hui (2001 : Chongqing, China)</subfield>
         <subfield code="t">Chongqing 2001 San Xia wen wu bao hu xue shu yan tao hui lun wen ji.</subfield>
         <subfield code="b">Di 1 ban.</subfield>
         <subfield code="d">Beijing : Ke xue chu ban she, 2003</subfield>
         <subfield code="w">(OCoLC)754546699</subfield>
      </datafield>
      <datafield tag="880" ind1="2" ind2=" ">
         <subfield code="6">111-01/</subfield>
         <subfield code="a">三峡文物保护学术硏讨会</subfield>
         <subfield code="d">(2001 :</subfield>
         <subfield code="c">Chongqing, China)</subfield>
      </datafield>
      <datafield tag="880" ind1="1" ind2="0">
         <subfield code="6">245-02/</subfield>
         <subfield code="a">重庆 2001 三峡文物保护学术硏讨会论文集 /</subfield>
         <subfield code="c">重庆市文物局, 重庆市移民局编.</subfield>
      </datafield>
      <datafield tag="880" ind1="3" ind2="0">
         <subfield code="6">246-03/</subfield>
         <subfield code="a">2001 三峡文物保护学术硏讨会论文集</subfield>
      </datafield>
      <datafield tag="880" ind1=" " ind2=" ">
         <subfield code="6">250-04/</subfield>
         <subfield code="a">第1版.</subfield>
      </datafield>
      <datafield tag="880" ind1=" " ind2=" ">
         <subfield code="6">260-05/</subfield>
         <subfield code="a">北京 :</subfield>
         <subfield code="b">科学出版社,</subfield>
         <subfield code="c">2003.</subfield>
      </datafield>
      <datafield tag="880" ind1="1" ind2=" ">
         <subfield code="6">490-06/</subfield>
         <subfield code="a">长江三峡工程文物保护项目报告. 丁种 ;</subfield>
         <subfield code="v">第1号</subfield>
      </datafield>
      <datafield tag="880" ind1=" " ind2=" ">
         <subfield code="6">520-07/</subfield>
         <subfield code="a">本书是2001年在重庆召开的研讨会的会议论文集, 收录论文48篇, 以三峡地区重庆库区为主要研究对象, 对自旧石器时代起到唐代的各种文化遗存及文化现象进行了考古学研究, 并论述了相关的科技考古手段和文物保护措施.</subfield>
      </datafield>
      <datafield tag="880" ind1="0" ind2="0">
         <subfield code="6">505-08/</subfield>
         <subfield code="t">三峡地区在中国旧石器时考古研究中的地位 /</subfield>
         <subfield code="r">高星, 裴树文, 冯兴无, 陈福友, 卫奇 --</subfield>
         <subfield code="t">三峡及其周围地区早期旧石器与广西早期旧石器的关系 /</subfield>
         <subfield code="r">林强, 谢光茂 --</subfield>
         <subfield code="t">重庆地区史前文化之特征 /</subfield>
         <subfield code="r">张之恒, 邹后曦, 袁东山 --</subfield>
         <subfield code="t">重庆峡江地区的新石器文化 /</subfield>
         <subfield code="r">邹后曦, 白九江 --</subfield>
         <subfield code="t">重庆市万州区大周溪下层遗存浅析 /</subfield>
         <subfield code="r">陈淑卿 --</subfield>
         <subfield code="t">试析砸峡峡区先秦时期考占学文化 /</subfield>
         <subfield code="r">邹厚本 --</subfield>
         <subfield code="t">巴东楠木园遗址的发现与研究 /</subfield>
         <subfield code="r">王风竹, 余西云 --</subfield>
         <subfield code="t">三峡地区史前人类房屋建筑遗迹的考古发现与研究 /</subfield>
         <subfield code="r">杨华, 徐小林, 吴义兵 --</subfield>
         <subfield code="t">四川盆地先秦考古学文化的变迁及其动因的初步考察 /</subfield>
         <subfield code="r">江章华, 颜劲松 --</subfield>
         <subfield code="t">万州塘坊坪遗址夏代文化遗存简析 /</subfield>
         <subfield code="r">张天恩, 刘呆运 --</subfield>
         <subfield code="t">忠县邓家沱遗址西周时期文化遗存的初步认识 /</subfield>
         <subfield code="r">李锋 --</subfield>
         <subfield code="t">试论云阳李家坝战国墓地的几个问题 /</subfield>
         <subfield code="r">黄伟 --</subfield>
         <subfield code="t">涪陵小田溪墓地时代再探讨 /</subfield>
         <subfield code="r">蒋晓春 --</subfield>
         <subfield code="t">巫山东周两汉墓分期及分区 /</subfield>
         <subfield code="r">雷兴军, 罗宏斌 --</subfield>
         <subfield code="t">巫山秀峰一中墓地战国墓葬试析 /</subfield>
         <subfield code="r">赵新平 --</subfield>
      </datafield>
      <datafield tag="880" ind1="0" ind2="0">
         <subfield code="6">505-09/</subfield>
         <subfield code="t">重庆市万州区新田曾家溪墓地发掘收获与初步认识 /</subfield>
         <subfield code="r">肖梦龙 --</subfield>
         <subfield code="t">巴文化研究的几点思考 /</subfield>
         <subfield code="r">方刚, 张建文 --</subfield>
         <subfield code="t">巴文化发展阶段浅析 /</subfield>
         <subfield code="r">黄海 --</subfield>
         <subfield code="t">浅论三峡地区夏商周时期的文化及其变迁 /</subfield>
         <subfield code="r">王宏, 余介方, 金国林 --</subfield>
         <subfield code="t">路家河文化简论 /</subfield>
         <subfield code="r">林春 --</subfield>
         <subfield code="t">初论晚期巴文化的类型 /</subfield>
         <subfield code="r">罗二虎 --</subfield>
         <subfield code="t">楚文化的西渐：楚国向西扩张的考古学观察 /</subfield>
         <subfield code="r">朱萍 --</subfield>
         <subfield code="t">峡江地区西汉墓葬研究的若干线索 /</subfield>
         <subfield code="r">郑君雷 --</subfield>
         <subfield code="t">丰都地区两汉一南朝墓葬的初步研究 /</subfield>
         <subfield code="r">王力军 --</subfield>
         <subfield code="t">重庆地区东汉六朝时期合葬墓中的有关问题 /</subfield>
         <subfield code="r">李大营, 肖贵田 --</subfield>
         <subfield code="t">明月坝唐代集镇遗址初步研究 /</subfield>
         <subfield code="r">李映福 --</subfield>
         <subfield code="t">永安镇的发掘及永安宫故址考 /</subfield>
         <subfield code="r">袁东山 --</subfield>
         <subfield code="t">巫山大昌古城的勘探初步发展及研究 /</subfield>
         <subfield code="r">王宏, 韦贵耀 --</subfield>
         <subfield code="t">论早期佛像在长江流域的传播：以汉晋考古材料为中心 /</subfield>
         <subfield code="r">何志国 --</subfield>
         <subfield code="t">三峡地区地理环境对古代文化的影响 /</subfield>
         <subfield code="r">马雨林 --</subfield>
         <subfield code="t">峡江地区古代聚落成长的探索：从佘家嘴文化遗存的时空分布谈起 /</subfield>
         <subfield code="r">钟礼强, 李宁 --</subfield>
      </datafield>
      <datafield tag="880" ind1="0" ind2="0">
         <subfield code="6">505-10/</subfield>
         <subfield code="t">三峡与三国 /</subfield>
         <subfield code="r">冯秋生 --</subfield>
         <subfield code="t">忠县瓦渣地遗址T363动物遗骸初步观察 /</subfield>
         <subfield code="r">黄蕴平, 朱萍 --</subfield>
         <subfield code="t">电子测绘在三峡考古中的应用 /</subfield>
         <subfield code="r">秦岭 --</subfield>
         <subfield code="t">三峡考古中引入的两项科技考古手段 /</subfield>
         <subfield code="r">潘碧华, 黄颖高, 蒙河 --</subfield>
         <subfield code="t">重庆云阳故陵楚墓高科技手段勘探发掘与研究 /</subfield>
         <subfield code="r">杨林, 雷生霖 --</subfield>
         <subfield code="t">GPS在田野考古工作中的作用 /</subfield>
         <subfield code="r">林果, 朱滨 --</subfield>
         <subfield code="t">三峡库区地域建筑特征探究及利用 /</subfield>
         <subfield code="r">王兵 --</subfield>
         <subfield code="t">从张飞庙的保护谈中国文物建筑保护面临的新问题 /</subfield>
         <subfield code="r">吕舟 --</subfield>
         <subfield code="t">重庆市巫山县地面文物建筑的保护与研究 /</subfield>
         <subfield code="r">张映莹 --</subfield>
         <subfield code="t">长江三峡历史水文题刻 /</subfield>
         <subfield code="r">周少林 --</subfield>
         <subfield code="t">湖北库区考古工作的主要收获 /</subfield>
         <subfield code="r">王风竹 --</subfield>
         <subfield code="t">浅谈三峡考古田野文物修复 /</subfield>
         <subfield code="r">王海阔 --</subfield>
         <subfield code="t">谈大溪遗址墓葬的整体切割搬迁 /</subfield>
         <subfield code="r">张光敏 --</subfield>
         <subfield code="t">浅析三峡文物保护之纸质档案的生存环境 /</subfield>
         <subfield code="r">杨小刚 --</subfield>
         <subfield code="t">大气污染因子SO2影响彩绘颜料变色的环境测试 /</subfield>
         <subfield code="r">郑利平, 席同宽 --</subfield>
         <subfield code="t">三峡文物档案资料管理与利用浅谈 /</subfield>
         <subfield code="r">范晓岚.</subfield>
      </datafield>
      <datafield tag="880" ind1=" " ind2="4">
         <subfield code="6">651-11/</subfield>
         <subfield code="a">重庆 (China)</subfield>
         <subfield code="x">Antiquities</subfield>
         <subfield code="v">Congresses</subfield>
      </datafield>
      <datafield tag="880" ind1="1" ind2=" ">
         <subfield code="6">710-12/</subfield>
         <subfield code="a">重庆 (China).</subfield>
         <subfield code="b">文物局.</subfield>
      </datafield>
      <datafield tag="880" ind1="1" ind2=" ">
         <subfield code="6">710-13/</subfield>
         <subfield code="a">重庆 (China).</subfield>
         <subfield code="b">移民局.</subfield>
      </datafield>
      <datafield tag="830" ind1=" " ind2="0">
         <subfield code="6">880-14</subfield>
         <subfield code="a">Chang Jiang San Xia gong cheng wen wu bao hu xiang mu bao gao.</subfield>
         <subfield code="n">Ding zhong ;</subfield>
         <subfield code="v">di 1 hao.</subfield>
      </datafield>
      <datafield tag="880" ind1=" " ind2="0">
         <subfield code="6">830-14/</subfield>
         <subfield code="a">长江三峡工程文物保护项目报告.</subfield>
         <subfield code="n">丁种 ;</subfield>
         <subfield code="v">第1号.</subfield>
      </datafield>
      <datafield tag="994" ind1=" " ind2=" ">
         <subfield code="a">Z0</subfield>
         <subfield code="b">ZYU</subfield>
      </datafield>
      <datafield tag="OWN" ind1=" " ind2=" ">
         <subfield code="a">GENERAL</subfield>
      </datafield>
      <datafield tag="AVA" ind1=" " ind2=" ">
         <subfield code="a">NYU50</subfield>
         <subfield code="b">NISAW</subfield>
         <subfield code="c">Large Collection</subfield>
         <subfield code="d">DS793.Y3 S26 2001</subfield>
         <subfield code="e">available</subfield>
         <subfield code="t">Available</subfield>
         <subfield code="f">1</subfield>
         <subfield code="g">0</subfield>
         <subfield code="h">N</subfield>
         <subfield code="i">0</subfield>
         <subfield code="j">LARGE</subfield>
         <subfield code="k">0</subfield>
      </datafield>
      <marc:datafield tag="852" ind1=" " ind2=" ">
         <marc:subfield code="b">Institute for the Study of the Ancient World, </marc:subfield>
         <marc:subfield code="c">Large Collection</marc:subfield>
         <marc:subfield code="e">15 East 84th St., </marc:subfield>
         <marc:subfield code="e">New York, NY  10028</marc:subfield>
      </marc:datafield>
   </record>