
  
  
  
  
  
  
 
  
  <record xsi:schemaLocation="http://www.loc.gov/MARC21/slim http://www.loc.gov/standards/marcxml/schema/MARC21slim.xsd">
      <leader>00000cam  22007574  4500</leader>
      <controlfield tag="FMT">BK</controlfield>
      <controlfield tag="LDR">00000cam  22007574  4500</controlfield>
      <controlfield tag="001">004077709</controlfield>
      <controlfield tag="003">OCoLC</controlfield>
      <controlfield tag="005">20141209093810.0</controlfield>
      <controlfield tag="008">141208s2003    cc ab    b    100 0 chi</controlfield>
      <datafield tag="010" ind1=" " ind2=" ">
         <subfield code="a">2004350614</subfield>
      </datafield>
      <datafield tag="020" ind1=" " ind2=" ">
         <subfield code="a">7030115589</subfield>
      </datafield>
      <datafield tag="020" ind1=" " ind2=" ">
         <subfield code="a">9787030115584</subfield>
      </datafield>
      <datafield tag="035" ind1=" " ind2=" ">
         <subfield code="a">(OCoLC)54441791</subfield>
      </datafield>
      <datafield tag="040" ind1=" " ind2=" ">
         <subfield code="a">DLC-R</subfield>
         <subfield code="b">eng</subfield>
         <subfield code="c">DLC</subfield>
         <subfield code="d">OCLCF</subfield>
         <subfield code="d">NNU</subfield>
      </datafield>
      <datafield tag="042" ind1=" " ind2=" ">
         <subfield code="a">pcc</subfield>
      </datafield>
      <datafield tag="043" ind1=" " ind2=" ">
         <subfield code="a">a-cc-hh</subfield>
      </datafield>
      <datafield tag="050" ind1="0" ind2="0">
         <subfield code="a">DS793.H75</subfield>
         <subfield code="b">S264 2003</subfield>
      </datafield>
      <datafield tag="050" ind1=" " ind2="4">
         <subfield code="a">DS793.Y3</subfield>
         <subfield code="b">S264 2003</subfield>
      </datafield>
      <datafield tag="066" ind1=" " ind2=" ">
         <subfield code="c">$1</subfield>
      </datafield>
      <datafield tag="111" ind1="2" ind2=" ">
         <subfield code="a">San Xia wen wu bao hu yu kao gu xue yan jiu xue shu yan tao hui</subfield>
         <subfield code="d">(2003)</subfield>
         <subfield code="6">880-01</subfield>
      </datafield>
      <datafield tag="245" ind1="1" ind2="0">
         <subfield code="6">880-02</subfield>
         <subfield code="a">2003 San Xia wen wu bao hu yu kao gu xue yan jiu xue shu yan tao hui lun wen ji /</subfield>
         <subfield code="c">Hubei Sheng wen wu shi ye guan li ju, Hubei Sheng San Xia gong cheng yi min ju bian.</subfield>
      </datafield>
      <datafield tag="246" ind1="1" ind2="5">
         <subfield code="a">Proceedings of 2003 conference on the Three Gorges' cultural relics protection and archaeological research</subfield>
      </datafield>
      <datafield tag="246" ind1="3" ind2=" ">
         <subfield code="6">880-03</subfield>
         <subfield code="a">Er ling ling san San Xia wen wu bao hu yu kao gu xue yan jiu xue shu yan tao hui lun wen ji</subfield>
      </datafield>
      <datafield tag="250" ind1=" " ind2=" ">
         <subfield code="6">880-04</subfield>
         <subfield code="a">Di 1 ban.</subfield>
      </datafield>
      <datafield tag="260" ind1=" " ind2=" ">
         <subfield code="6">880-05</subfield>
         <subfield code="a">Beijing :</subfield>
         <subfield code="b">Ke xue chu ban she,</subfield>
         <subfield code="c">2003.</subfield>
      </datafield>
      <datafield tag="300" ind1=" " ind2=" ">
         <subfield code="a">iv, 351 p. :</subfield>
         <subfield code="b">ill., maps ;</subfield>
         <subfield code="c">30 cm.</subfield>
      </datafield>
      <datafield tag="490" ind1="1" ind2=" ">
         <subfield code="6">880-06</subfield>
         <subfield code="a">Chang Jiang San Xia gong cheng wen wu bao hu xiang mu bao gao. 丁种 = Reports on the cultural relics conservation in the Three Gorges Dam Project D(proceedings) ;</subfield>
         <subfield code="v">v. 2</subfield>
      </datafield>
      <datafield tag="504" ind1=" " ind2=" ">
         <subfield code="a">Includes bibliographical references.</subfield>
      </datafield>
      <datafield tag="505" ind1="0" ind2="0">
         <subfield code="6">880-07</subfield>
         <subfield code="t">Sanxia gong cheng Hubei ku zu wen wu bao hu gong zuo de shi jian yu shou huo /</subfield>
         <subfield code="r">Shen Haining --</subfield>
         <subfield code="t">Xiang hu pei he jia qiang guan li gong tong zuo hao Sanxia gong cheng wen wu bao hu gong zuo /</subfield>
         <subfield code="r">Wang Yuanliang --</subfield>
         <subfield code="t">Jian chi zai Sanxia wen wu bao hu gong zuo zhong tu chu chuan xin yi shi /</subfield>
         <subfield code="r">Wu Hongtang --</subfield>
         <subfield code="t">Changjiang san xia gong cheng wen wu bao hu gong zuo de hui gu yu zhan wang /</subfield>
         <subfield code="r">Chen Zhenyu, Wang Fengzhu --</subfield>
         <subfield code="t">Sichuan Pendi ji Chang Jiang Sanxia di qu jiu shi qi shi dai wen hua chu lun /</subfield>
         <subfield code="r">Feng Xiaobo --</subfield>
         <subfield code="t">Sanxia di qu “Xin shi qi shi dai wan qi” zhu yi cun fen xi /</subfield>
         <subfield code="r">Meng Huaping --</subfield>
         <subfield code="t">Sanxia ku qu xian Qin shi qi de wen hua bian qian /</subfield>
         <subfield code="r">Yu Xiyun --</subfield>
         <subfield code="t">Shi lun Liulinxi wen hua /</subfield>
         <subfield code="r">Luo Yunbing --</subfield>
         <subfield code="t">Liulinxi yi zhi chu tu de ke hua fu hao ji chu bu yan jiu /</subfield>
         <subfield code="r">Zhou Guoping --</subfield>
         <subfield code="t">Lun Chang Jiang Sanxia Diqu de Qujialing wen hua yi cun /</subfield>
         <subfield code="r">Shui Tao --</subfield>
         <subfield code="t">Zigui Taiqiu yi zhi er qi wen hua yi cun jian xi /</subfield>
         <subfield code="r">Mei Pengtao --</subfield>
         <subfield code="t">Chong tu yu zhan zheng：cong Taxi dao Shijiahe /</subfield>
         <subfield code="r">Guo Lixin --</subfield>
         <subfield code="t">Sanxia ba zhi yi chang Zhongbaodao yi zhi kao gu fa jue ji chu lüe ren shi /</subfield>
         <subfield code="r">Yang Hua, Li Dadi --</subfield>
         <subfield code="t">Chongqing Sanxia ku qu xin shi qi shi dai kao gu de xin ren shi /</subfield>
         <subfield code="r">Zhao Binfu --</subfield>
      </datafield>
      <datafield tag="505" ind1="0" ind2="0">
         <subfield code="6">880-08</subfield>
         <subfield code="t">Shi xi E xi Yudong Diqu Erlitou shi qi wen hua yi cun /</subfield>
         <subfield code="r">Lin Chun --</subfield>
         <subfield code="t">Sanxia Diqu Chaotianzui Shang dai yi cun yan jiu /</subfield>
         <subfield code="r">Wang Fengzhu --</subfield>
         <subfield code="t">Chuan dong Chang Jiang yan an Shang zhou shi qi kao gu xue wen hua bian qian de chu bu fen xi /</subfield>
         <subfield code="r">Jiang Zhanghua --</subfield>
         <subfield code="t">Xiajiang Diqu Shang dai yi cun de ji ge wen ti /</subfield>
         <subfield code="r">Liu Jidong, Liu Chengji, Bu Gong --</subfield>
         <subfield code="t">Zigui Heguangzui Xia Shang yi cun fen qi yan jiu /</subfield>
         <subfield code="r">Zhang Wangao --</subfield>
         <subfield code="t">Zhongbu yi zhi Xia Shang tao qi chu lun /</subfield>
         <subfield code="r">Sun Zhibin --</subfield>
         <subfield code="t">Changjiang Sanxia di qu de Liu chao shi qi mu zang /</subfield>
         <subfield code="r">Xu Yongjie, Zhao Yongjun --</subfield>
         <subfield code="t">Xiajiang Diqu ya mu zang de nei han yu xing zhi /</subfield>
         <subfield code="r">Wu Chunming, Wang Wei --</subfield>
         <subfield code="t">Wanzhou ju luo：kao gu di li xue de shi jian yu si kao /</subfield>
         <subfield code="r">Gao Menghe --</subfield>
         <subfield code="t">Qian tan Leijiaping chu tu de ming wen zhuan /</subfield>
         <subfield code="r">Feng Enxue --</subfield>
         <subfield code="t">Ba dong Xirangkou sui jian Han Jin mu zhuan /</subfield>
         <subfield code="r">Jiang Tingyu --</subfield>
         <subfield code="t">Sanxia kao gu yu tu jia zu qi yuan wen hua yan jiu /</subfield>
         <subfield code="r">Zhu Shixue --</subfield>
         <subfield code="t">Sanxia ku qu Liu chao：Tang Song shi qi da xing yi zhi fa jue de ji dian si kao /</subfield>
         <subfield code="r">Wang Ran --</subfield>
      </datafield>
      <datafield tag="505" ind1="0" ind2="0">
         <subfield code="6">880-09</subfield>
         <subfield code="t">Song dai Sanxia ju ming de jing ji sheng huo：Ba dong Song cheng yi zhi zhong de sheng huo xi su te dian fen xi /</subfield>
         <subfield code="r">Deng Hui --</subfield>
         <subfield code="t">Sanxia gu mu chu tu zheng zhu ji qi xiang guan wen ti /</subfield>
         <subfield code="r">Liu Senmiao --</subfield>
         <subfield code="t">Shi lun Hubei Zigui xin fa xian de yao qian shu ji xiang guan wen ti /</subfield>
         <subfield code="r">Wu Guibing --</subfield>
         <subfield code="t">Shangjiang Sanxia xian Qin yu ye chu bu yan jiu /</subfield>
         <subfield code="r">Wu Xianzhu --</subfield>
         <subfield code="t">Tan Sanxia Xinping xuan guan shi dai /</subfield>
         <subfield code="r">Lu Dipei --</subfield>
         <subfield code="t">Sanxia kao gu yuan shi zi liao de zheng li yu li yong wen ti /</subfield>
         <subfield code="r">Wang Hongxing --</subfield>
         <subfield code="t">Sanxia gong cheng wen wu bao hu zi liao guan li gong zuo de shi jian yu si kao /</subfield>
         <subfield code="r">Li Yan --</subfield>
         <subfield code="t">Lian xu yu duan lie：Fengjie, Wangzhou Diqu ju luo yan bian guo cheng yan jiu /</subfield>
         <subfield code="r">Feng Xiaoni, Sun Lin --</subfield>
         <subfield code="t">Maliutuo：yi ge ju luo yan bian de wei guan fen xi /</subfield>
         <subfield code="r">Pan Bihua, Zhang Bin --</subfield>
         <subfield code="t">Sanxia ku qu Hubei duan di mian wen wu de bao hu yu li yong yan jiu /</subfield>
         <subfield code="r">Tang Yuyang --</subfield>
         <subfield code="t">Sanxia di mian wen wu bao hu yu "Wen wu bao hu fa" /</subfield>
         <subfield code="r">Wu Xiao.</subfield>
      </datafield>
      <datafield tag="651" ind1=" " ind2="0">
         <subfield code="a">Hubei Sheng (China)</subfield>
         <subfield code="6">880-10</subfield>
         <subfield code="x">Antiquities</subfield>
         <subfield code="v">Congresses.</subfield>
      </datafield>
      <datafield tag="650" ind1=" " ind2="0">
         <subfield code="a">Excavations (Archaeology)</subfield>
         <subfield code="6">880-11</subfield>
         <subfield code="z">China</subfield>
         <subfield code="z">Hubei Sheng</subfield>
         <subfield code="v">Congresses.</subfield>
      </datafield>
      <datafield tag="650" ind1=" " ind2="7">
         <subfield code="a">Antiquities.</subfield>
         <subfield code="2">fast</subfield>
         <subfield code="0">(OCoLC)fst00810745</subfield>
      </datafield>
      <datafield tag="650" ind1=" " ind2="7">
         <subfield code="a">Excavations (Archaeology)</subfield>
         <subfield code="2">fast</subfield>
         <subfield code="0">(OCoLC)fst00917564</subfield>
      </datafield>
      <datafield tag="651" ind1=" " ind2="7">
         <subfield code="a">China</subfield>
         <subfield code="z">Hubei Sheng.</subfield>
         <subfield code="2">fast</subfield>
         <subfield code="0">(OCoLC)fst01211754</subfield>
      </datafield>
      <datafield tag="655" ind1=" " ind2="7">
         <subfield code="a">Conference proceedings.</subfield>
         <subfield code="2">fast</subfield>
         <subfield code="0">(OCoLC)fst01423772</subfield>
      </datafield>
      <datafield tag="710" ind1="1" ind2=" ">
         <subfield code="a">Hubei Sheng (China).</subfield>
         <subfield code="b">Wen wu shi ye guan li ju</subfield>
         <subfield code="6">880-12</subfield>
      </datafield>
      <datafield tag="710" ind1="1" ind2=" ">
         <subfield code="a">Hubei Sheng (China).</subfield>
         <subfield code="b">San Xia gong cheng yi min ju</subfield>
         <subfield code="6">880-13</subfield>
      </datafield>
      <datafield tag="776" ind1="0" ind2="8">
         <subfield code="i">Online version:</subfield>
         <subfield code="a">San Xia wen wu bao hu yu kao gu xue yan jiu xue shu yan tao hui (2003)</subfield>
         <subfield code="t">2003 San Xia wen wu bao hu yu kao gu xue yan jiu xue shu yan tao hui lun wen ji.</subfield>
         <subfield code="d">Beijing : Ke xue chu ban she, 2003</subfield>
         <subfield code="w">(OCoLC)758308520</subfield>
      </datafield>
      <datafield tag="880" ind1="2" ind2=" ">
         <subfield code="6">111-01/</subfield>
         <subfield code="a">三峡文物保护与考古学硏究学术硏讨会</subfield>
         <subfield code="d">(2003)</subfield>
      </datafield>
      <datafield tag="880" ind1="1" ind2="0">
         <subfield code="6">245-02/</subfield>
         <subfield code="a">2003 三峡文物保护与考古学硏究学术硏讨会论文集 /</subfield>
         <subfield code="c">湖北省文物事业管理局, 湖北省三峽工程移民局编 .</subfield>
      </datafield>
      <datafield tag="880" ind1="3" ind2=" ">
         <subfield code="6">246-03/</subfield>
         <subfield code="a">二00三三峡文物保护与考古学硏究学术硏讨会论文集</subfield>
      </datafield>
      <datafield tag="880" ind1=" " ind2=" ">
         <subfield code="6">250-04/</subfield>
         <subfield code="a">第1版.</subfield>
      </datafield>
      <datafield tag="880" ind1=" " ind2=" ">
         <subfield code="6">260-05/</subfield>
         <subfield code="a">北京 :</subfield>
         <subfield code="b">科学出版社,</subfield>
         <subfield code="c">2003.</subfield>
      </datafield>
      <datafield tag="880" ind1="1" ind2=" ">
         <subfield code="6">490-06/</subfield>
         <subfield code="a">长江三峡工程文物保护项目报告. 丁种 = Reports on the cultural relics conservation in the Three Gorges Dam Project D(proceedings) ;</subfield>
         <subfield code="v">v. 2</subfield>
      </datafield>
      <datafield tag="880" ind1="0" ind2="0">
         <subfield code="6">505-07/</subfield>
         <subfield code="t">三峡工程湖北库区文物保护工作的实践与收获 /</subfield>
         <subfield code="r">沈海宁 --</subfield>
         <subfield code="t">相互配合加强管理共同做好三峡工程文物保护工作 /</subfield>
         <subfield code="r">汪元良 --</subfield>
         <subfield code="t">坚持在三峡文物保护工作中突出创新意识 /</subfield>
         <subfield code="r">吴宏堂 --</subfield>
         <subfield code="t">长江三峡工程文物保护工作的回顾与展望 /</subfield>
         <subfield code="r">陈振裕, 王风竹 --</subfield>
         <subfield code="t">四川盆地及长江三峡地区旧石器时代文化初论 /</subfield>
         <subfield code="r">冯小波 --</subfield>
         <subfield code="t">三峡地区“新石器时代晚期”诸遗存分析 /</subfield>
         <subfield code="r">孟华平 --</subfield>
         <subfield code="t">三峡库区先秦时期的文化变迁 /</subfield>
         <subfield code="r">余西云 --</subfield>
         <subfield code="t">试论柳林溪文化 /</subfield>
         <subfield code="r">罗运兵 --</subfield>
         <subfield code="t">柳林溪遗址出土的刻划符号及初步研究 /</subfield>
         <subfield code="r">周国平 --</subfield>
         <subfield code="t">论长江三峡地区的屈家岭文化遗存 /</subfield>
         <subfield code="r">水涛 --</subfield>
         <subfield code="t">秭归台丘遗址二期文化遗存简析 /</subfield>
         <subfield code="r">梅鹏涛 --</subfield>
         <subfield code="t">冲突与战争：从大溪到石家河 /</subfield>
         <subfield code="r">郭立新 --</subfield>
         <subfield code="t">三峡坝址宜昌中堡岛遗址考古发掘及初略认识 /</subfield>
         <subfield code="r">杨华, 李大地 --</subfield>
         <subfield code="t">重庆三峡库区新石器时代考古的新认识 /</subfield>
         <subfield code="r">赵宾福 --</subfield>
      </datafield>
      <datafield tag="880" ind1="0" ind2="0">
         <subfield code="6">505-08/</subfield>
         <subfield code="t">试析鄂西渝东地区二里头时期文化遗存 /</subfield>
         <subfield code="r">林春 --</subfield>
         <subfield code="t">三峡地区朝天嘴商代遗存研究 /</subfield>
         <subfield code="r">王风竹 --</subfield>
         <subfield code="t">川东长江沿岸商周时期考古学文化变迁的初步分析 /</subfield>
         <subfield code="r">江章华 --</subfield>
         <subfield code="t">峡江地区商代遗存的几个问题 /</subfield>
         <subfield code="r">刘继东, 刘成基, 卜工 --</subfield>
         <subfield code="t">秭归何光嘴夏商遗存分期研究 /</subfield>
         <subfield code="r">张万高 --</subfield>
         <subfield code="t">中坝遗址夏商陶器初论 /</subfield>
         <subfield code="r">孙智彬 --</subfield>
         <subfield code="t">长江三峡地区的六朝时期墓葬 /</subfield>
         <subfield code="r">许永杰, 赵永军 --</subfield>
         <subfield code="t">峡江地区崖葬的内涵与性质 /</subfield>
         <subfield code="r">吴春明, 王炜 --</subfield>
         <subfield code="t">万州聚落：考古地理学的实践与思考 /</subfield>
         <subfield code="r">高蒙河 --</subfield>
         <subfield code="t">浅谈雷家坪出土的铭文砖 /</subfield>
         <subfield code="r">冯恩学 --</subfield>
         <subfield code="t">巴东西灢口所见汉晋墓砖 /</subfield>
         <subfield code="r">蒋廷瑜 --</subfield>
         <subfield code="t">三峡考古与土家族起源文化研究 /</subfield>
         <subfield code="r">朱世学 --</subfield>
         <subfield code="t">三峡库区六朝：唐宋时期大型遗址发掘的几点思考 /</subfield>
         <subfield code="r">王然 --</subfield>
      </datafield>
      <datafield tag="880" ind1="0" ind2="0">
         <subfield code="6">505-09/</subfield>
         <subfield code="t">宋代三峡居民的经济生活：巴东宋城遗址中生活习俗特点分析 /</subfield>
         <subfield code="r">邓辉 --</subfield>
         <subfield code="t">三峡古墓出土珍珠及其相关问题 /</subfield>
         <subfield code="r">刘森淼 --</subfield>
         <subfield code="t">试论湖北秭归新发现的摇钱树及相关问题 /</subfield>
         <subfield code="r">吴桂兵 --</subfield>
         <subfield code="t">长江三峡先秦渔业初步研究 /</subfield>
         <subfield code="r">武仙竹 --</subfield>
         <subfield code="t">谈三峡新坪悬棺时代 /</subfield>
         <subfield code="r">卢德佩 --</subfield>
         <subfield code="t">三峡考古原始资料的整理与利用问题 /</subfield>
         <subfield code="r">王红星 --</subfield>
         <subfield code="t">三峡工程文物保护资料管理工作的实践与思考 /</subfield>
         <subfield code="r">李雁 --</subfield>
         <subfield code="t">连续与断裂：奉节、万州地区聚落演变过程研究 /</subfield>
         <subfield code="r">冯小妮, 孙林 --</subfield>
         <subfield code="t">麻柳沱：一个聚落演变的微观分析 /</subfield>
         <subfield code="r">潘碧华, 张斌 --</subfield>
         <subfield code="t">三峡库区湖北段地面文物的保护与利用研究 /</subfield>
         <subfield code="r">汤羽扬 --</subfield>
         <subfield code="t">三峡地面文物保护与《文物保护法》/</subfield>
         <subfield code="r">吴晓.</subfield>
      </datafield>
      <datafield tag="880" ind1=" " ind2="4">
         <subfield code="6">651-10/</subfield>
         <subfield code="a">湖北省 (China)</subfield>
         <subfield code="x">Antiquities</subfield>
         <subfield code="v">Congresses.</subfield>
      </datafield>
      <datafield tag="880" ind1=" " ind2="4">
         <subfield code="6">650-11/</subfield>
         <subfield code="a">Excavations (Archaeology)</subfield>
         <subfield code="z">China</subfield>
         <subfield code="z">湖北省</subfield>
         <subfield code="v">Congresses.</subfield>
      </datafield>
      <datafield tag="880" ind1="1" ind2=" ">
         <subfield code="6">710-12/</subfield>
         <subfield code="a">湖北省 (China).</subfield>
         <subfield code="b">文物事业管理局.</subfield>
      </datafield>
      <datafield tag="880" ind1="1" ind2=" ">
         <subfield code="6">710-13/</subfield>
         <subfield code="a">湖北省 (China).</subfield>
         <subfield code="b">三峽工程移民局.</subfield>
      </datafield>
      <datafield tag="830" ind1=" " ind2="0">
         <subfield code="6">880-14</subfield>
         <subfield code="a">Chang Jiang San Xia gong cheng wen wu bao hu xiang mu bao gao.</subfield>
         <subfield code="n">Ding zhong ;</subfield>
         <subfield code="v">Di 2 hao.</subfield>
      </datafield>
      <datafield tag="880" ind1=" " ind2="0">
         <subfield code="6">830-14/</subfield>
         <subfield code="a">长江三峡工程文物保护项目报告.</subfield>
         <subfield code="n">丁种 ;</subfield>
         <subfield code="v">第2号.</subfield>
      </datafield>
      <datafield tag="994" ind1=" " ind2=" ">
         <subfield code="a">Z0</subfield>
         <subfield code="b">ZYU</subfield>
      </datafield>
      <datafield tag="OWN" ind1=" " ind2=" ">
         <subfield code="a">GENERAL</subfield>
      </datafield>
      <datafield tag="AVA" ind1=" " ind2=" ">
         <subfield code="a">NYU50</subfield>
         <subfield code="b">NISAW</subfield>
         <subfield code="c">Large Collection</subfield>
         <subfield code="d">DS793.H75 S264 2003</subfield>
         <subfield code="e">available</subfield>
         <subfield code="t">Available</subfield>
         <subfield code="f">1</subfield>
         <subfield code="g">0</subfield>
         <subfield code="h">N</subfield>
         <subfield code="i">0</subfield>
         <subfield code="j">LARGE</subfield>
         <subfield code="k">0</subfield>
      </datafield>
      <marc:datafield tag="852" ind1=" " ind2=" ">
         <marc:subfield code="b">Institute for the Study of the Ancient World, </marc:subfield>
         <marc:subfield code="c">Large Collection</marc:subfield>
         <marc:subfield code="e">15 East 84th St., </marc:subfield>
         <marc:subfield code="e">New York, NY  10028</marc:subfield>
      </marc:datafield>
   </record>