
  
  
  
  
  
  
  
 
  
  <record xsi:schemaLocation="http://www.loc.gov/MARC21/slim http://www.loc.gov/standards/marcxml/schema/MARC21slim.xsd">
      <leader>00000nam a2200349 a 45M</leader>
      <controlfield tag="FMT">BK</controlfield>
      <controlfield tag="LDR">00000nam a2200349 a 45M</controlfield>
      <controlfield tag="001">002068847</controlfield>
      <controlfield tag="003">NNU</controlfield>
      <controlfield tag="005">20141208163837.0</controlfield>
      <controlfield tag="008">930503s1992    pau      b    100 0 eng</controlfield>
      <datafield tag="010" ind1=" " ind2=" ">
         <subfield code="a">92037459</subfield>
      </datafield>
      <datafield tag="020" ind1=" " ind2=" ">
         <subfield code="a">0924171014 (library)</subfield>
      </datafield>
      <datafield tag="035" ind1="9" ind2=" ">
         <subfield code="a">NYUb11023062</subfield>
      </datafield>
      <datafield tag="035" ind1=" " ind2=" ">
         <subfield code="a">(CStRLIN)NYUG93-B19363</subfield>
      </datafield>
      <datafield tag="035" ind1=" " ind2=" ">
         <subfield code="a">GLIS010230626</subfield>
      </datafield>
      <datafield tag="040" ind1=" " ind2=" ">
         <subfield code="a">DLC</subfield>
         <subfield code="c">DLC</subfield>
         <subfield code="d">NNU</subfield>
      </datafield>
      <datafield tag="041" ind1="0" ind2=" ">
         <subfield code="a">eng</subfield>
         <subfield code="a">fre</subfield>
         <subfield code="a">ger</subfield>
      </datafield>
      <datafield tag="043" ind1=" " ind2=" ">
         <subfield code="a">a-iq---</subfield>
      </datafield>
      <datafield tag="050" ind1="0" ind2="0">
         <subfield code="a">DS70.5.N5</subfield>
         <subfield code="b">R46 1988</subfield>
      </datafield>
      <datafield tag="082" ind1="0" ind2="0">
         <subfield code="a">935</subfield>
         <subfield code="2">20</subfield>
      </datafield>
      <datafield tag="090" ind1=" " ind2=" ">
         <subfield code="a">DS70.5.N5</subfield>
         <subfield code="b">R46 1988</subfield>
         <subfield code="i">05/03/93 CT</subfield>
      </datafield>
      <datafield tag="111" ind1="2" ind2=" ">
         <subfield code="a">Rencontre assyriologique internationale</subfield>
         <subfield code="n">(35th :</subfield>
         <subfield code="d">1988 :</subfield>
         <subfield code="c">Philadelphia, Pa.)</subfield>
      </datafield>
      <datafield tag="245" ind1="1" ind2="0">
         <subfield code="a">Nippur at the centennial :</subfield>
         <subfield code="b">papers read at the 35e Rencontre assyriologique internationale, Philadelphia, 1988 /</subfield>
         <subfield code="c">edited by Maria deJong Ellis.</subfield>
      </datafield>
      <datafield tag="260" ind1=" " ind2=" ">
         <subfield code="a">Philadelphia :</subfield>
         <subfield code="b">Distributed by the S.N. Kramer Fund, Babylonian Section, University Museum,</subfield>
         <subfield code="c">1992.</subfield>
      </datafield>
      <datafield tag="300" ind1=" " ind2=" ">
         <subfield code="a">xix, 368 p. :</subfield>
         <subfield code="b">ill. ;</subfield>
         <subfield code="c">26 cm.</subfield>
      </datafield>
      <datafield tag="490" ind1="1" ind2=" ">
         <subfield code="a">Occasional publications of the Samuel Noah Kramer Fund ;</subfield>
         <subfield code="v">14</subfield>
      </datafield>
      <datafield tag="500" ind1=" " ind2=" ">
         <subfield code="a">ISAW copy is from the Library of Hayim and Miriam Tadmor.</subfield>
         <subfield code="5">NNU</subfield>
      </datafield>
      <datafield tag="500" ind1=" " ind2=" ">
         <subfield code="a">English, French, and German.</subfield>
      </datafield>
      <datafield tag="504" ind1=" " ind2=" ">
         <subfield code="a">Includes bibliographical references.</subfield>
      </datafield>
      <datafield tag="505" ind1="0" ind2="0">
         <subfield code="t">Nippur elementary schoolbooks in the "West" /</subfield>
         <subfield code="r">Artzi, Pinhas --</subfield>
         <subfield code="t">Malheurs d'un scribe ou de l'inutilité du Sumérien loin de Nippur /</subfield>
         <subfield code="r">Charpin, Dominique --</subfield>
         <subfield code="t">Title aḫšadrapānu in Nippur /</subfield>
         <subfield code="r">Dandamayev, Muhammed A. --</subfield>
         <subfield code="t">Patterns of Occupation at Nippur /</subfield>
         <subfield code="r">Gibson, McGuire --</subfield>
         <subfield code="t">Inanna et les me /</subfield>
         <subfield code="r">Glassner, Jean-Jacques --</subfield>
         <subfield code="t">Archives de Ninurta-aḫḫê-bulliṭ /</subfield>
         <subfield code="r">Joannès, Francis --</subfield>
         <subfield code="t">Musical Practice in Nippur /</subfield>
         <subfield code="r">Kilmer, Anne Draffkorn --</subfield>
         <subfield code="t">Quelques remarques sur Nippur à l'époque d'Ur III /</subfield>
         <subfield code="r">Lafont, Bertrand --</subfield>
         <subfield code="t">Nippur in ancient ideology /</subfield>
         <subfield code="r">Lambert, W. G. --</subfield>
         <subfield code="t">Nippur : City of Decisions /</subfield>
         <subfield code="r">Lieberman, Stephen J. --</subfield>
         <subfield code="t">Joseph Andrew Meyer, Jr., Architect at Niffer /</subfield>
         <subfield code="r">Myer, Charles F. --</subfield>
         <subfield code="t">Nippur Countryside in the Kassite Period /</subfield>
         <subfield code="r">Nashef, Khaled --</subfield>
         <subfield code="t">Zur privaten Geschäftstätigkeit in Nippur in der Ur III-Zeit /</subfield>
         <subfield code="r">Neumann, Hans --</subfield>
         <subfield code="t">Temple Economy of Old Babylonian Nippur : The Evidence for Centralized Management /</subfield>
         <subfield code="r">Robertson, John F. --</subfield>
         <subfield code="t">Enlil und Nippur nach präsargonischen Quellen /</subfield>
         <subfield code="r">Selz, Gebhard J. --</subfield>
         <subfield code="t">Pre- and Post-Hammurapi Loan Contracts from Nippur /</subfield>
         <subfield code="r">Skaist, Aaron --</subfield>
         <subfield code="t">Nippur, Sippar, and Larsa in the Hellenistic Period /</subfield>
         <subfield code="r">Van der Spek, Rob J. --</subfield>
         <subfield code="t">Nippur und die sumerische Königsliste /</subfield>
         <subfield code="r">Steiner, Gerd --</subfield>
         <subfield code="t">Astronomical Dating of the Nebuchadnezzar Kudurru Found in Nippur in February, 1896 /</subfield>
         <subfield code="r">Tuman, Vladimir S. --</subfield>
         <subfield code="t">Early Excavators of Nippur /</subfield>
         <subfield code="r">Westenholz, Aage --</subfield>
         <subfield code="t">Clergy of Nippur : The Priestess of Enlil /</subfield>
         <subfield code="r">Westenholz, Joan Goodnick --</subfield>
         <subfield code="t">É-sag̃-da-na Nibruki : An Early Administrative Center of the Ur III Empire /</subfield>
         <subfield code="r">Wilcke, Claus --</subfield>
         <subfield code="t">Excavations at Nippur, The University of Pennsylvania, and the University's Museum /</subfield>
         <subfield code="r">Zettler, Richard L. --</subfield>
         <subfield code="t">Nippur Bibliography /</subfield>
         <subfield code="r">Bregstein, Linda B. --</subfield>
         <subfield code="r">Schneider, Tammi J.</subfield>
      </datafield>
      <datafield tag="651" ind1=" " ind2="0">
         <subfield code="a">Nippur (Extinct city)</subfield>
         <subfield code="v">Congresses.</subfield>
      </datafield>
      <datafield tag="796" ind1="1" ind2=" ">
         <subfield code="a">Tadmor, Hayim,</subfield>
         <subfield code="e">former owner.</subfield>
      </datafield>
      <datafield tag="796" ind1="1" ind2=" ">
         <subfield code="a">Tadmor, Miriam,</subfield>
         <subfield code="e">former owner.</subfield>
      </datafield>
      <datafield tag="797" ind1="2" ind2=" ">
         <subfield code="a">Tadmor Collection.</subfield>
      </datafield>
      <datafield tag="700" ind1="1" ind2=" ">
         <subfield code="a">Ellis, Maria deJ.</subfield>
      </datafield>
      <datafield tag="830" ind1=" " ind2="0">
         <subfield code="a">Occasional publications of the Samuel Noah Kramer Fund ;</subfield>
         <subfield code="v">14.</subfield>
      </datafield>
      <datafield tag="OWN" ind1=" " ind2=" ">
         <subfield code="a">GENERAL</subfield>
      </datafield>
      <datafield tag="950" ind1=" " ind2=" ">
         <subfield code="l">IFAM</subfield>
         <subfield code="i">05/03/93 C</subfield>
      </datafield>
      <datafield tag="955" ind1=" " ind2=" ">
         <subfield code="l">IFAM</subfield>
         <subfield code="c">1</subfield>
         <subfield code="i">05/03/93 C</subfield>
      </datafield>
      <datafield tag="998" ind1=" " ind2=" ">
         <subfield code="a">05/03/93</subfield>
         <subfield code="t">c</subfield>
         <subfield code="s">9110</subfield>
         <subfield code="n">NNU</subfield>
         <subfield code="w">OHHH93B1126</subfield>
         <subfield code="d">05/03/93</subfield>
         <subfield code="b">DF</subfield>
         <subfield code="i">930503</subfield>
         <subfield code="l">NYUG</subfield>
      </datafield>
      <datafield tag="AVA" ind1=" " ind2=" ">
         <subfield code="a">NYU50</subfield>
         <subfield code="b">BOBST</subfield>
         <subfield code="c">Main Collection</subfield>
         <subfield code="d">DS70.5.N5 R46 1988</subfield>
         <subfield code="e">unavailable</subfield>
         <subfield code="t">Unavailable</subfield>
         <subfield code="f">1</subfield>
         <subfield code="g">1</subfield>
         <subfield code="h">N</subfield>
         <subfield code="i">8</subfield>
         <subfield code="j">MAIN</subfield>
         <subfield code="k">0</subfield>
      </datafield>
      <datafield tag="AVA" ind1=" " ind2=" ">
         <subfield code="a">NYU50</subfield>
         <subfield code="b">NIFA</subfield>
         <subfield code="c">Main Collection</subfield>
         <subfield code="d">DS70.5.N5 R46 1988 Non-circulating</subfield>
         <subfield code="e">available</subfield>
         <subfield code="t">Available</subfield>
         <subfield code="f">1</subfield>
         <subfield code="g">0</subfield>
         <subfield code="h">N</subfield>
         <subfield code="i">0</subfield>
         <subfield code="j">MAIN</subfield>
         <subfield code="k">0</subfield>
      </datafield>
      <datafield tag="AVA" ind1=" " ind2=" ">
         <subfield code="a">NYU50</subfield>
         <subfield code="b">NISAW</subfield>
         <subfield code="c">Small Collection</subfield>
         <subfield code="d">DS70.5.N5 R46 1988</subfield>
         <subfield code="e">available</subfield>
         <subfield code="t">Available</subfield>
         <subfield code="f">1</subfield>
         <subfield code="g">0</subfield>
         <subfield code="h">N</subfield>
         <subfield code="i">0</subfield>
         <subfield code="j">SMALL</subfield>
         <subfield code="k">0</subfield>
      </datafield>
      <marc:datafield tag="852" ind1=" " ind2=" ">
         <marc:subfield code="b">Institute for the Study of the Ancient World, </marc:subfield>
         <marc:subfield code="c">Small Collection</marc:subfield>
         <marc:subfield code="e">15 East 84th St., </marc:subfield>
         <marc:subfield code="e">New York, NY  10028</marc:subfield>
      </marc:datafield>
   </record>