
  
  
  
  
 
  
  <record xsi:schemaLocation="http://www.loc.gov/MARC21/slim http://www.loc.gov/standards/marcxml/schema/MARC21slim.xsd">
      <leader>00000cam  2200517 a 4500</leader>
      <controlfield tag="FMT">BK</controlfield>
      <controlfield tag="LDR">00000cam  2200517 a 4500</controlfield>
      <controlfield tag="001">004078029</controlfield>
      <controlfield tag="003">OCoLC</controlfield>
      <controlfield tag="005">20141209122506.0</controlfield>
      <controlfield tag="008">141209s2012    cc af    b    000 0 chi d</controlfield>
      <datafield tag="020" ind1=" " ind2=" ">
         <subfield code="a">9787030345110</subfield>
      </datafield>
      <datafield tag="020" ind1=" " ind2=" ">
         <subfield code="a">7030345118</subfield>
      </datafield>
      <datafield tag="035" ind1=" " ind2=" ">
         <subfield code="a">(OCoLC)800733151</subfield>
      </datafield>
      <datafield tag="040" ind1=" " ind2=" ">
         <subfield code="a">BCBTC</subfield>
         <subfield code="b">eng</subfield>
         <subfield code="c">BCBTC</subfield>
         <subfield code="d">OCLCQ</subfield>
         <subfield code="d">CNPIT</subfield>
         <subfield code="d">CLU</subfield>
         <subfield code="d">OCLCF</subfield>
         <subfield code="d">ZYU</subfield>
         <subfield code="d">NNU</subfield>
      </datafield>
      <datafield tag="043" ind1=" " ind2=" ">
         <subfield code="a">a-cc---</subfield>
      </datafield>
      <datafield tag="050" ind1=" " ind2="4">
         <subfield code="a">DS715</subfield>
         <subfield code="b">.Z4356 2012</subfield>
      </datafield>
      <datafield tag="066" ind1=" " ind2=" ">
         <subfield code="c">$1</subfield>
      </datafield>
      <datafield tag="100" ind1="1" ind2=" ">
         <subfield code="a">Zhao, Shigang</subfield>
         <subfield code="6">880-01</subfield>
      </datafield>
      <datafield tag="245" ind1="1" ind2="0">
         <subfield code="6">880-02</subfield>
         <subfield code="a">Zhao Shigang kao gu wen ji /</subfield>
         <subfield code="c">Zhao Shigang zhu.</subfield>
      </datafield>
      <datafield tag="250" ind1=" " ind2=" ">
         <subfield code="6">880-03</subfield>
         <subfield code="a">Di 1 ban.</subfield>
      </datafield>
      <datafield tag="260" ind1=" " ind2=" ">
         <subfield code="6">880-04</subfield>
         <subfield code="a">Beijing :</subfield>
         <subfield code="b">Ke xue chu ban she,</subfield>
         <subfield code="c">2012.</subfield>
      </datafield>
      <datafield tag="300" ind1=" " ind2=" ">
         <subfield code="a">vi, 349 p., [8] p. of plates :</subfield>
         <subfield code="b">ill. (some col.) ;</subfield>
         <subfield code="c">27 cm.</subfield>
      </datafield>
      <datafield tag="490" ind1="0" ind2=" ">
         <subfield code="6">880-05</subfield>
         <subfield code="a">Henan wen wu kao gu yan jiu cong shu</subfield>
      </datafield>
      <datafield tag="504" ind1=" " ind2=" ">
         <subfield code="a">Includes bibliographical references.</subfield>
      </datafield>
      <datafield tag="520" ind1=" " ind2=" ">
         <subfield code="6">880-06</subfield>
         <subfield code="a">Ben shu gong xuan bian le Zhao Shigang xian sheng 30 pian kao gu xue lun wen. Zhu yao han gai yi xia si ge fang mian de nei rong: yi shi Peiligang wen hua de fa xian yu yan jiu, Peiligang wen hua de fa xian tian bu le Zhongguo xin shi qi shi dai zao qi de kong bai, ye shi Zhongguo xin shi qi shi dai kao gu yi xiang zhong da tu po. Er shi zhong yuan Chunqiu gu guo yan jiu, geng ju Chu ren chu qi huo dong de yi ji yu yi wu, lun zheng le Chu du Danyang jiu zai jin Henan Dan Xi zhi di. Geng ju tong qi chu tu de Chu wen wu yue Zhongyuan wen wu dui bi, zheng ming Chu wen hua yuan yu Zhongyuan wen hu. Dui Houma meng shu he Wen Xian meng shu shi du, fen xi, zheng shi zhe liang di fan ying le Chunqiu wan qi Jin Zhao Yang yu Fan shi, Zhonghang shi dou zheng de wen zi ji lu. San shi yin yue kao gu, Jiahu gu di he Wangsun gao zhong de fa xian, zai Zhongguo yin yue shi ji shi jie yin yue shi shang dou you ji wei zhong yao de di wei. Si shi qi ta fang mian de yan jiu, dui Chunqiu shi qi chu tu de qing tong qi zhu zao gong yi yan jiu, zheng ming wo guo zai Chunqiu shi qi yi jin guang fan shu lian de ying yong shi la fa zhu zao qing tong qi.</subfield>
      </datafield>
      <datafield tag="650" ind1=" " ind2="0">
         <subfield code="a">Excavations (Archaeology)</subfield>
         <subfield code="z">China.</subfield>
      </datafield>
      <datafield tag="651" ind1=" " ind2="0">
         <subfield code="a">China</subfield>
         <subfield code="x">Antiquities.</subfield>
      </datafield>
      <datafield tag="650" ind1=" " ind2="7">
         <subfield code="a">Antiquities.</subfield>
         <subfield code="2">fast</subfield>
         <subfield code="0">(OCoLC)fst00810745</subfield>
      </datafield>
      <datafield tag="650" ind1=" " ind2="7">
         <subfield code="a">Excavations (Archaeology)</subfield>
         <subfield code="2">fast</subfield>
         <subfield code="0">(OCoLC)fst00917564</subfield>
      </datafield>
      <datafield tag="651" ind1=" " ind2="7">
         <subfield code="a">China.</subfield>
         <subfield code="2">fast</subfield>
         <subfield code="0">(OCoLC)fst01206073</subfield>
      </datafield>
      <datafield tag="880" ind1="1" ind2=" ">
         <subfield code="6">100-01/</subfield>
         <subfield code="a">赵世纲.</subfield>
      </datafield>
      <datafield tag="880" ind1="1" ind2="0">
         <subfield code="6">245-02/</subfield>
         <subfield code="a">赵世纲考古文集 /</subfield>
         <subfield code="c">赵世纲著.</subfield>
      </datafield>
      <datafield tag="880" ind1=" " ind2=" ">
         <subfield code="6">250-03/</subfield>
         <subfield code="a">第1版.</subfield>
      </datafield>
      <datafield tag="880" ind1=" " ind2=" ">
         <subfield code="6">260-04/</subfield>
         <subfield code="a">北京 :</subfield>
         <subfield code="b">科学出版社,</subfield>
         <subfield code="c">2012.</subfield>
      </datafield>
      <datafield tag="880" ind1="0" ind2=" ">
         <subfield code="6">490-05/</subfield>
         <subfield code="a">河南文物考古研究丛书</subfield>
      </datafield>
      <datafield tag="880" ind1=" " ind2=" ">
         <subfield code="6">520-06/</subfield>
         <subfield code="a">本书共选编了赵世纲先生30篇文物考古学论文。主要涵盖以下四个方面的内容：一是裴李岗文化的发现与研究，裴李岗文化的发现填补了中国新石器时代早期的空白，也是中国新石器时代考古一项重大突破。二是中原春秋古国研究，根据楚人初期活动的遗迹与遗物，论证了楚都丹阳就在今河南丹淅之地。根据同时期出土的楚文物与中原文物对比，证明楚文化源于中原文化。对侯马盟书和温县盟书释读、分析，证实这两地盟书均反映了春秋晚期晋赵鞅与范氏、中行氏斗争的文字记录。三是音乐考古，贾湖骨笛和王孙诰钟的发现，在中国音乐史及世界音乐史上都占有极为重要的地位。四是其他方面的研究，对春秋时期出土的青铜器铸造工艺研究，证明我国在春秋时期已经广泛熟练地应用失蜡法铸造青铜器。</subfield>
      </datafield>
      <datafield tag="994" ind1=" " ind2=" ">
         <subfield code="a">Z0</subfield>
         <subfield code="b">ZYU</subfield>
      </datafield>
      <datafield tag="OWN" ind1=" " ind2=" ">
         <subfield code="a">GENERAL</subfield>
      </datafield>
      <datafield tag="AVA" ind1=" " ind2=" ">
         <subfield code="a">NYU50</subfield>
         <subfield code="b">NISAW</subfield>
         <subfield code="c">Small Collection</subfield>
         <subfield code="d">DS715 .Z4356 2012</subfield>
         <subfield code="e">available</subfield>
         <subfield code="t">Available</subfield>
         <subfield code="f">1</subfield>
         <subfield code="g">0</subfield>
         <subfield code="h">N</subfield>
         <subfield code="i">0</subfield>
         <subfield code="j">SMALL</subfield>
         <subfield code="k">0</subfield>
      </datafield>
      <marc:datafield tag="852" ind1=" " ind2=" ">
         <marc:subfield code="b">Institute for the Study of the Ancient World, </marc:subfield>
         <marc:subfield code="c">Small Collection</marc:subfield>
         <marc:subfield code="e">15 East 84th St., </marc:subfield>
         <marc:subfield code="e">New York, NY  10028</marc:subfield>
      </marc:datafield>
   </record>