
  
  
  
  
 
  
  <record xsi:schemaLocation="http://www.loc.gov/MARC21/slim http://www.loc.gov/standards/marcxml/schema/MARC21slim.xsd">
      <leader>00000cam  2200481 i 4500</leader>
      <controlfield tag="FMT">BK</controlfield>
      <controlfield tag="LDR">00000cam  2200481 i 4500</controlfield>
      <controlfield tag="001">004078037</controlfield>
      <controlfield tag="003">OCoLC</controlfield>
      <controlfield tag="005">20141209124659.0</controlfield>
      <controlfield tag="008">141209s2014    gw abe   b    101 0 eng d</controlfield>
      <datafield tag="016" ind1="7" ind2=" ">
         <subfield code="a">1054982910</subfield>
         <subfield code="2">GyFmDB</subfield>
      </datafield>
      <datafield tag="016" ind1="7" ind2=" ">
         <subfield code="a">016901399</subfield>
         <subfield code="2">Uk</subfield>
      </datafield>
      <datafield tag="016" ind1="7" ind2=" ">
         <subfield code="a">1054982910</subfield>
         <subfield code="2">DE-101</subfield>
      </datafield>
      <datafield tag="020" ind1=" " ind2=" ">
         <subfield code="a">9783447102209 (hd.bd.)</subfield>
      </datafield>
      <datafield tag="020" ind1=" " ind2=" ">
         <subfield code="a">3447102209 (hd.bd.)</subfield>
      </datafield>
      <datafield tag="035" ind1=" " ind2=" ">
         <subfield code="a">(OCoLC)893406591</subfield>
      </datafield>
      <datafield tag="040" ind1=" " ind2=" ">
         <subfield code="a">OHX</subfield>
         <subfield code="b">eng</subfield>
         <subfield code="e">rda</subfield>
         <subfield code="c">OHX</subfield>
         <subfield code="d">OCLCO</subfield>
         <subfield code="d">UKMGB</subfield>
         <subfield code="d">PAU</subfield>
         <subfield code="d">NNU</subfield>
      </datafield>
      <datafield tag="041" ind1="0" ind2=" ">
         <subfield code="a">eng</subfield>
         <subfield code="a">ger</subfield>
      </datafield>
      <datafield tag="050" ind1=" " ind2="4">
         <subfield code="a">TS1316</subfield>
         <subfield code="b">.T49 2014</subfield>
      </datafield>
      <datafield tag="072" ind1=" " ind2="7">
         <subfield code="a">TS</subfield>
         <subfield code="2">lcco</subfield>
      </datafield>
      <datafield tag="245" ind1="0" ind2="0">
         <subfield code="a">Textile trade and distribution in antiquity =</subfield>
         <subfield code="b">Textilhandel und -distribution in der Antike /</subfield>
         <subfield code="c">edited by Kerstin Dross-Krüpe.</subfield>
      </datafield>
      <datafield tag="246" ind1="3" ind2="1">
         <subfield code="a">Textilhandel und -distribution in der Antike</subfield>
      </datafield>
      <datafield tag="264" ind1=" " ind2="1">
         <subfield code="a">Wiesbaden :</subfield>
         <subfield code="b">Harrassowitz Verlag,</subfield>
         <subfield code="c">2014.</subfield>
      </datafield>
      <datafield tag="264" ind1=" " ind2="4">
         <subfield code="c">©2014</subfield>
      </datafield>
      <datafield tag="300" ind1=" " ind2=" ">
         <subfield code="a">xii, 228 pages :</subfield>
         <subfield code="b">illustrations, maps, plans ;</subfield>
         <subfield code="c">25 cm.</subfield>
      </datafield>
      <datafield tag="336" ind1=" " ind2=" ">
         <subfield code="a">text</subfield>
         <subfield code="b">txt</subfield>
         <subfield code="2">rdacontent</subfield>
      </datafield>
      <datafield tag="337" ind1=" " ind2=" ">
         <subfield code="a">unmediated</subfield>
         <subfield code="b">n</subfield>
         <subfield code="2">rdamedia</subfield>
      </datafield>
      <datafield tag="338" ind1=" " ind2=" ">
         <subfield code="a">volume</subfield>
         <subfield code="b">nc</subfield>
         <subfield code="2">rdacarrier</subfield>
      </datafield>
      <datafield tag="490" ind1="1" ind2=" ">
         <subfield code="a">Philippika ;</subfield>
         <subfield code="v">73</subfield>
      </datafield>
      <datafield tag="500" ind1=" " ind2=" ">
         <subfield code="a">Contributions to a conference held in April 2013 in Marburg, Germany.</subfield>
      </datafield>
      <datafield tag="546" ind1=" " ind2=" ">
         <subfield code="a">13 contributions in English and three in German.</subfield>
      </datafield>
      <datafield tag="504" ind1=" " ind2=" ">
         <subfield code="a">Includes bibliographical references and index.</subfield>
      </datafield>
      <datafield tag="505" ind1="0" ind2="0">
         <subfield code="t">Towards an economic history of textile manufacturing and trade /</subfield>
         <subfield code="r">Flohr, Miko --</subfield>
         <subfield code="t">Linen textiles and flax in classical Greece : provenance and trade /</subfield>
         <subfield code="r">Nosch, Marie-Louise --</subfield>
         <subfield code="t">Neue Texte zur Textilwirtschaft im südlichen Noricum /</subfield>
         <subfield code="r">Grassl, Herbert --</subfield>
         <subfield code="t">Modelling the Roman textile industry in the Northern provinces /</subfield>
         <subfield code="r">Broekaert, Wim --</subfield>
         <subfield code="t">Seidenhandel in der römischen Kaiserzeit /</subfield>
         <subfield code="r">Ruffing, Kai --</subfield>
         <subfield code="t">Caravans, smugglers and trading fairs : organizing textile trade on the Syrian frontier /</subfield>
         <subfield code="r">Seland, Eivind Heldaas --</subfield>
         <subfield code="t">Berenike and textile trade on the Indian Ocean /</subfield>
         <subfield code="r">Peter, John --</subfield>
         <subfield code="r">Wild, Felicity C. --</subfield>
         <subfield code="t">Assyrian textile trade in Anatolia (19th century BCE) /</subfield>
         <subfield code="r">Michel, Cecile --</subfield>
         <subfield code="t">Sheep to textiles : approaches to investigating ancient wool trade /</subfield>
         <subfield code="r">Gleba, Margarita --</subfield>
         <subfield code="t">Weaving in Ur III Mesopotamia : women's work? /</subfield>
         <subfield code="r">Garcia-Ventura, Agnes --</subfield>
         <subfield code="t">Textile traditions of northwest Syria during the early Iron Age /</subfield>
         <subfield code="r">Lumb, David R.A. --</subfield>
         <subfield code="t">Economics of weaving : aspects of labour in the Bronze Age Aegean /</subfield>
         <subfield code="r">Ulanowska, Agata --</subfield>
         <subfield code="t">Changes in textile production in late Bronze Age Tiryns, Greece /</subfield>
         <subfield code="r">Siennicka, Malgorzata--</subfield>
         <subfield code="t">Berufsbezeichnungen von Frauen in kaiserzeitlichen Papyri /</subfield>
         <subfield code="r">Meyenburg, Juliane --</subfield>
         <subfield code="t">Distribution of textiles with "Greek letter" signs in the Roman world /</subfield>
         <subfield code="r">Szymaszek, Maciej --</subfield>
         <subfield code="t">Fine craftsmanship and cultural bearers : silk textiles from the Khitan Liao /</subfield>
         <subfield code="r">Lin, Hang.</subfield>
      </datafield>
      <datafield tag="650" ind1=" " ind2="0">
         <subfield code="a">Textile fabrics</subfield>
         <subfield code="x">Commerce</subfield>
         <subfield code="x">History</subfield>
         <subfield code="x">To 1500</subfield>
         <subfield code="v">Congresses.</subfield>
      </datafield>
      <datafield tag="650" ind1=" " ind2="0">
         <subfield code="a">Textile industry</subfield>
         <subfield code="x">History</subfield>
         <subfield code="x">To 1500</subfield>
         <subfield code="v">Congresses.</subfield>
      </datafield>
      <datafield tag="700" ind1="1" ind2=" ">
         <subfield code="a">Dross-Krüpe, Kerstin,</subfield>
         <subfield code="e">editor.</subfield>
      </datafield>
      <datafield tag="830" ind1=" " ind2="0">
         <subfield code="a">Philippika ;</subfield>
         <subfield code="v">73.</subfield>
      </datafield>
      <datafield tag="994" ind1=" " ind2=" ">
         <subfield code="a">Z0</subfield>
         <subfield code="b">ZYU</subfield>
      </datafield>
      <datafield tag="OWN" ind1=" " ind2=" ">
         <subfield code="a">GENERAL</subfield>
      </datafield>
      <datafield tag="AVA" ind1=" " ind2=" ">
         <subfield code="a">NYU50</subfield>
         <subfield code="b">NIFA</subfield>
         <subfield code="c">Main Collection</subfield>
         <subfield code="d">TS1316 .T49 2014 Non-circulating</subfield>
         <subfield code="e">available</subfield>
         <subfield code="t">Available</subfield>
         <subfield code="f">1</subfield>
         <subfield code="g">0</subfield>
         <subfield code="h">N</subfield>
         <subfield code="i">0</subfield>
         <subfield code="j">MAIN</subfield>
         <subfield code="k">0</subfield>
      </datafield>
      <datafield tag="AVA" ind1=" " ind2=" ">
         <subfield code="a">NYU50</subfield>
         <subfield code="b">NISAW</subfield>
         <subfield code="c">Small Collection</subfield>
         <subfield code="d">TS1316 .T49 2014</subfield>
         <subfield code="e">available</subfield>
         <subfield code="t">Available</subfield>
         <subfield code="f">1</subfield>
         <subfield code="g">0</subfield>
         <subfield code="h">N</subfield>
         <subfield code="i">0</subfield>
         <subfield code="j">SMALL</subfield>
         <subfield code="k">0</subfield>
      </datafield>
      <marc:datafield tag="852" ind1=" " ind2=" ">
         <marc:subfield code="b">Institute for the Study of the Ancient World, </marc:subfield>
         <marc:subfield code="c">Small Collection</marc:subfield>
         <marc:subfield code="e">15 East 84th St., </marc:subfield>
         <marc:subfield code="e">New York, NY  10028</marc:subfield>
      </marc:datafield>
   </record>