
  
  
  
  
  
  
 
  
  <record xsi:schemaLocation="http://www.loc.gov/MARC21/slim http://www.loc.gov/standards/marcxml/schema/MARC21slim.xsd">
      <leader>     cam  2200277 a 4500</leader>
      <controlfield tag="FMT">BK</controlfield>
      <controlfield tag="LDR">     cam  2200277 a 4500</controlfield>
      <controlfield tag="001">001242860</controlfield>
      <controlfield tag="003">NNU</controlfield>
      <controlfield tag="005">20061010172734.0</controlfield>
      <controlfield tag="008">970515m19921995ir a     b    001 0 perod</controlfield>
      <datafield tag="035" ind1=" " ind2=" ">
         <subfield code="a">(CStRLIN)NYUG97-B1122</subfield>
      </datafield>
      <datafield tag="035" ind1="9" ind2=" ">
         <subfield code="a">NYUb11616168</subfield>
      </datafield>
      <datafield tag="040" ind1=" " ind2=" ">
         <subfield code="a">MH</subfield>
         <subfield code="c">MH</subfield>
         <subfield code="d">CStRLIN</subfield>
         <subfield code="d">NjP</subfield>
         <subfield code="d">NN</subfield>
         <subfield code="d">NNU</subfield>
      </datafield>
      <datafield tag="043" ind1=" " ind2=" ">
         <subfield code="a">a-ir---</subfield>
      </datafield>
      <datafield tag="066" ind1=" " ind2=" ">
         <subfield code="c">(3</subfield>
         <subfield code="c">(4</subfield>
      </datafield>
      <datafield tag="090" ind1=" " ind2=" ">
         <subfield code="a">DS324.S43</subfield>
         <subfield code="b">S878 1992</subfield>
      </datafield>
      <datafield tag="100" ind1="1" ind2=" ">
         <subfield code="a">Sutūdah, Manūchihr</subfield>
         <subfield code="6">880-01</subfield>
      </datafield>
      <datafield tag="245" ind1="1" ind2="0">
         <subfield code="6">880-02</subfield>
         <subfield code="a">Jughrāfiyā-yi tārīkhī-i Shamīrān /</subfield>
         <subfield code="c">taʼlīf-i Manūchihr Sutūdah.</subfield>
      </datafield>
      <datafield tag="260" ind1=" " ind2=" ">
         <subfield code="6">880-03</subfield>
         <subfield code="a">Tihrān :</subfield>
         <subfield code="b">Muʼassasah-ʹi Muṭālaʻāt va Taḥqīqāt-i Farhangī (Pazhūhishʹgāh), vābastah bih Vizārat-i Farhang va Āmūzish-i ʻĀlī,</subfield>
         <subfield code="c">1371-1374 [1992-1995]</subfield>
      </datafield>
      <datafield tag="300" ind1=" " ind2=" ">
         <subfield code="a">2 v. (1269 p) :</subfield>
         <subfield code="b">ill. ;</subfield>
         <subfield code="c">24 cm.</subfield>
      </datafield>
      <datafield tag="504" ind1=" " ind2=" ">
         <subfield code="a">Includes bibliographical references.</subfield>
      </datafield>
      <datafield tag="500" ind1=" " ind2=" ">
         <subfield code="a">"Shumārah-i 671"--T.p. verso, v. 1.</subfield>
      </datafield>
      <datafield tag="651" ind1=" " ind2="0">
         <subfield code="a">Shamīrān (Iran)</subfield>
         <subfield code="x">Historical geography.</subfield>
      </datafield>
      <datafield tag="651" ind1=" " ind2="0">
         <subfield code="a">Iran</subfield>
         <subfield code="x">Historical geography.</subfield>
      </datafield>
      <datafield tag="880" ind1="0" ind2=" ">
         <subfield code="6">100-01/</subfield>
         <subfield code="a">منوچهر ستوده.</subfield>
      </datafield>
      <datafield tag="880" ind1="1" ind2="0">
         <subfield code="6">245-02/</subfield>
         <subfield code="a">جغرافياي تاريخي شميران /</subfield>
         <subfield code="c">تأليف منوچهر ستوده.</subfield>
      </datafield>
      <datafield tag="880" ind1=" " ind2=" ">
         <subfield code="6">260-03/</subfield>
         <subfield code="a">تهران :</subfield>
         <subfield code="b">مؤسسۀ مطالعات و تحقيقات فرهنگي (پژوهشگاه)،</subfield>
         <subfield code="c">١٣٧٤-١٣٧١.</subfield>
      </datafield>
      <datafield tag="OWN" ind1=" " ind2=" ">
         <subfield code="a">GENERAL</subfield>
      </datafield>
      <datafield tag="998" ind1=" " ind2=" ">
         <subfield code="a">19970515</subfield>
         <subfield code="d">19970515</subfield>
         <subfield code="n">NNU</subfield>
         <subfield code="s">1</subfield>
         <subfield code="t">c</subfield>
         <subfield code="z">p</subfield>
      </datafield>
      <datafield tag="AVA" ind1=" " ind2=" ">
         <subfield code="a">NYU50</subfield>
         <subfield code="b">BOBST</subfield>
         <subfield code="c">Main Collection</subfield>
         <subfield code="d">DS324.S43 S878 1992</subfield>
         <subfield code="e">available</subfield>
         <subfield code="t">Available</subfield>
         <subfield code="f">1</subfield>
         <subfield code="g">0</subfield>
         <subfield code="h">Y</subfield>
         <subfield code="i">0</subfield>
         <subfield code="j">MAIN</subfield>
         <subfield code="k">0</subfield>
      </datafield>
      <datafield tag="AVA" ind1=" " ind2=" ">
         <subfield code="a">NYU50</subfield>
         <subfield code="b">NISAW</subfield>
         <subfield code="c">Small Collection</subfield>
         <subfield code="d">DS324.S43 S878 1992</subfield>
         <subfield code="e">available</subfield>
         <subfield code="t">Available</subfield>
         <subfield code="f">1</subfield>
         <subfield code="g">0</subfield>
         <subfield code="h">Y</subfield>
         <subfield code="i">0</subfield>
         <subfield code="j">SMALL</subfield>
         <subfield code="k">0</subfield>
      </datafield>
      <marc:datafield tag="852" ind1=" " ind2=" ">
         <marc:subfield code="b">Institute for the Study of the Ancient World, </marc:subfield>
         <marc:subfield code="c">Small Collection</marc:subfield>
         <marc:subfield code="e">15 East 84th St., </marc:subfield>
         <marc:subfield code="e">New York, NY  10028</marc:subfield>
      </marc:datafield>
   </record>