
  
  
  
  
 
  
  <record xsi:schemaLocation="http://www.loc.gov/MARC21/slim http://www.loc.gov/standards/marcxml/schema/MARC21slim.xsd">
      <leader>00000cam  2200493 a 4500</leader>
      <controlfield tag="FMT">BK</controlfield>
      <controlfield tag="LDR">00000cam  2200493 a 4500</controlfield>
      <controlfield tag="001">004079247</controlfield>
      <controlfield tag="003">OCoLC</controlfield>
      <controlfield tag="005">20141210121022.0</controlfield>
      <controlfield tag="008">141210s1979    gw       b    101 0 ita d</controlfield>
      <datafield tag="020" ind1=" " ind2=" ">
         <subfield code="a">3412047783</subfield>
      </datafield>
      <datafield tag="020" ind1=" " ind2=" ">
         <subfield code="a">9783412047788</subfield>
      </datafield>
      <datafield tag="035" ind1=" " ind2=" ">
         <subfield code="a">(OCoLC)8581607</subfield>
      </datafield>
      <datafield tag="040" ind1=" " ind2=" ">
         <subfield code="a">UIU</subfield>
         <subfield code="b">eng</subfield>
         <subfield code="c">UIU</subfield>
         <subfield code="d">FCI</subfield>
         <subfield code="d">CIN</subfield>
         <subfield code="d">OCL</subfield>
         <subfield code="d">OCLCG</subfield>
         <subfield code="d">OCLCQ</subfield>
         <subfield code="d">OCLCO</subfield>
         <subfield code="d">OCLCF</subfield>
         <subfield code="d">OCLCQ</subfield>
         <subfield code="d">NNU</subfield>
      </datafield>
      <datafield tag="041" ind1="0" ind2=" ">
         <subfield code="a">ita</subfield>
         <subfield code="a">ger</subfield>
         <subfield code="a">fre</subfield>
      </datafield>
      <datafield tag="043" ind1=" " ind2=" ">
         <subfield code="a">e-gr---</subfield>
         <subfield code="a">mm-----</subfield>
         <subfield code="a">aw-----</subfield>
         <subfield code="a">ac-----</subfield>
      </datafield>
      <datafield tag="050" ind1=" " ind2="4">
         <subfield code="a">KL4121</subfield>
         <subfield code="b">.S9522 1979</subfield>
      </datafield>
      <datafield tag="082" ind1="0" ind2="4">
         <subfield code="a">340.538</subfield>
         <subfield code="b">Sy68</subfield>
      </datafield>
      <datafield tag="090" ind1=" " ind2=" ">
         <subfield code="a">KL4106.5</subfield>
         <subfield code="b">.G47 1974</subfield>
      </datafield>
      <datafield tag="110" ind1="2" ind2=" ">
         <subfield code="a">Gesellschaft für Griechische und Hellenistische Rechtsgeschichte.</subfield>
         <subfield code="b">Symposion</subfield>
         <subfield code="d">(1974 :</subfield>
         <subfield code="c">Gargnano, Italy)</subfield>
      </datafield>
      <datafield tag="245" ind1="1" ind2="0">
         <subfield code="a">Symposion 1974 :</subfield>
         <subfield code="b">Vorträge zur griechischen und hellenistischen Rechtsgeschichte (Gargnano am Gardasee, 5.-8. Juni 1974) /</subfield>
         <subfield code="c">in Gemeinschaft mit Hans Julius Wolff, Josef Modrzejewski und Panayotis Dimakis ; herausgegeben von Arnaldo Biscardi.</subfield>
      </datafield>
      <datafield tag="260" ind1=" " ind2=" ">
         <subfield code="a">Köln :</subfield>
         <subfield code="b">Böhlau,</subfield>
         <subfield code="c">1979.</subfield>
      </datafield>
      <datafield tag="300" ind1=" " ind2=" ">
         <subfield code="a">viii, 418 pages ;</subfield>
         <subfield code="c">24 cm.</subfield>
      </datafield>
      <datafield tag="336" ind1=" " ind2=" ">
         <subfield code="a">text</subfield>
         <subfield code="b">txt</subfield>
         <subfield code="2">rdacontent</subfield>
      </datafield>
      <datafield tag="337" ind1=" " ind2=" ">
         <subfield code="a">unmediated</subfield>
         <subfield code="b">n</subfield>
         <subfield code="2">rdamedia</subfield>
      </datafield>
      <datafield tag="338" ind1=" " ind2=" ">
         <subfield code="a">volume</subfield>
         <subfield code="b">nc</subfield>
         <subfield code="2">rdacarrier</subfield>
      </datafield>
      <datafield tag="490" ind1="1" ind2=" ">
         <subfield code="a">Akten der Gesellschaft für griechische und hellenistische Rechtsgeschichte ;</subfield>
         <subfield code="v">Bd. 2</subfield>
      </datafield>
      <datafield tag="504" ind1=" " ind2=" ">
         <subfield code="a">Includes bibliographical references and indexes.</subfield>
      </datafield>
      <datafield tag="505" ind1="0" ind2="0">
         <subfield code="t">Diritto greco e scienza del diritto /</subfield>
         <subfield code="r">Biscardi, Arnaldo --</subfield>
         <subfield code="t">Rilevanza delle "regole di scambio" omeriche per la storia e la metodologia del diritto /</subfield>
         <subfield code="r">Maffi, Alberto --</subfield>
         <subfield code="t">Aspetti del fenomeno processuale di Omero /</subfield>
         <subfield code="r">Cantarella, Eva --</subfield>
         <subfield code="t">Spunti sui rapporti fra diritto e religione in Omero /</subfield>
         <subfield code="r">Nespor, Stefano --</subfield>
         <subfield code="t">"Dikazein" e "krinein" alle origini dell'attività giurisdizionale in Grecia /</subfield>
         <subfield code="r">Talamanca, Mario --</subfield>
         <subfield code="t">"Dike" nach E. Benveniste /</subfield>
         <subfield code="r">Behrend, Diederich --</subfield>
         <subfield code="t">"Proklesis eis basanon" /</subfield>
         <subfield code="r">Thür, Gerhard --</subfield>
         <subfield code="t">"Emmenoi dikai" à Thasos /</subfield>
         <subfield code="r">Gofas, Dimitri --</subfield>
         <subfield code="t">Lettera di Berezan /</subfield>
         <subfield code="r">Kupiszewski, Henryk --</subfield>
         <subfield code="t">Contribution à l'étude de l'épidikasie attique /</subfield>
         <subfield code="r">Karabelias, Evanghelos --</subfield>
         <subfield code="t">Notes sur la question de la dot de la femme grecque /</subfield>
         <subfield code="r">Kimakis, Panayotis --</subfield>
         <subfield code="t">"Syngraphe" e il problema delle forme contrattuali /</subfield>
         <subfield code="r">Bianchini, Maria Grazia --</subfield>
         <subfield code="t">"Noxa caput sequitur" und Haftung des Verkäufers beim Sklavenkauf nach griechischen Recht /</subfield>
         <subfield code="r">Meyer-Laurin, Harald --</subfield>
         <subfield code="t">Legge platonica sulle fontane /</subfield>
         <subfield code="r">Klingenberg, Eberhard --</subfield>
         <subfield code="t">Ai confini fra "psephisma" e "nomos" /</subfield>
         <subfield code="r">Sorge, Luisa Lepri --</subfield>
         <subfield code="t">Notion d'état dans une lettre d'Aristote à Alexandre /</subfield>
         <subfield code="r">Houlou, Alain --</subfield>
         <subfield code="t">Conoscibilità degli altri diritti ellenistici rispetto al diritto tolemaico /</subfield>
         <subfield code="r">Amelotti, Mario --</subfield>
         <subfield code="t">Chrématistes et Laocrites /</subfield>
         <subfield code="r">Modrzejewski, Joseph --</subfield>
         <subfield code="t">Sintesi conclusiva /</subfield>
         <subfield code="r">Biscardi, Arnaldo.</subfield>
      </datafield>
      <datafield tag="650" ind1=" " ind2="0">
         <subfield code="a">Law, Greek</subfield>
         <subfield code="v">Congresses.</subfield>
      </datafield>
      <datafield tag="650" ind1=" " ind2="7">
         <subfield code="a">Law, Greek.</subfield>
         <subfield code="2">fast</subfield>
         <subfield code="0">(OCoLC)fst00994212</subfield>
      </datafield>
      <datafield tag="650" ind1=" " ind2="7">
         <subfield code="a">Droit grec</subfield>
         <subfield code="x">congrès.</subfield>
         <subfield code="2">ram</subfield>
      </datafield>
      <datafield tag="655" ind1=" " ind2="7">
         <subfield code="a">Conference proceedings.</subfield>
         <subfield code="2">fast</subfield>
         <subfield code="0">(OCoLC)fst01423772</subfield>
      </datafield>
      <datafield tag="700" ind1="1" ind2=" ">
         <subfield code="a">Wolff, Hans Julius,</subfield>
         <subfield code="d">1902-1983.</subfield>
      </datafield>
      <datafield tag="700" ind1="1" ind2=" ">
         <subfield code="a">Modrzejewski, Joseph.</subfield>
      </datafield>
      <datafield tag="700" ind1="1" ind2=" ">
         <subfield code="a">Dēmakēs, Panagiōtēs D.</subfield>
      </datafield>
      <datafield tag="700" ind1="1" ind2=" ">
         <subfield code="a">Biscardi, Arnaldo.</subfield>
      </datafield>
      <datafield tag="830" ind1=" " ind2="0">
         <subfield code="a">Akten der Gesellschaft für Griechische und Hellenistische Rechtsgeschichte ;</subfield>
         <subfield code="v">Bd. 2.</subfield>
      </datafield>
      <datafield tag="994" ind1=" " ind2=" ">
         <subfield code="a">Z0</subfield>
         <subfield code="b">ZYU</subfield>
      </datafield>
      <datafield tag="OWN" ind1=" " ind2=" ">
         <subfield code="a">GENERAL</subfield>
      </datafield>
      <datafield tag="AVA" ind1=" " ind2=" ">
         <subfield code="a">NYU50</subfield>
         <subfield code="b">NISAW</subfield>
         <subfield code="c">Small Collection</subfield>
         <subfield code="d">KL4106.5 .G47 1974</subfield>
         <subfield code="e">available</subfield>
         <subfield code="t">Available</subfield>
         <subfield code="f">1</subfield>
         <subfield code="g">0</subfield>
         <subfield code="h">N</subfield>
         <subfield code="i">0</subfield>
         <subfield code="j">SMALL</subfield>
         <subfield code="k">0</subfield>
      </datafield>
      <marc:datafield tag="852" ind1=" " ind2=" ">
         <marc:subfield code="b">Institute for the Study of the Ancient World, </marc:subfield>
         <marc:subfield code="c">Small Collection</marc:subfield>
         <marc:subfield code="e">15 East 84th St., </marc:subfield>
         <marc:subfield code="e">New York, NY  10028</marc:subfield>
      </marc:datafield>
   </record>