
  
  
  
  
 
  
  <record xsi:schemaLocation="http://www.loc.gov/MARC21/slim http://www.loc.gov/standards/marcxml/schema/MARC21slim.xsd">
      <leader>00000nam a22      i 4500</leader>
      <controlfield tag="FMT">BK</controlfield>
      <controlfield tag="LDR">00000nam a22      i 4500</controlfield>
      <controlfield tag="001">004079291</controlfield>
      <controlfield tag="005">20141210161635.0</controlfield>
      <controlfield tag="008">141210s2014    cc       b    000 0 chi d</controlfield>
      <datafield tag="020" ind1=" " ind2=" ">
         <subfield code="a">9787208124813</subfield>
      </datafield>
      <datafield tag="040" ind1=" " ind2=" ">
         <subfield code="a">NNU</subfield>
         <subfield code="b">eng</subfield>
         <subfield code="c">NNU</subfield>
         <subfield code="e">rda</subfield>
      </datafield>
      <datafield tag="041" ind1="0" ind2=" ">
         <subfield code="a">chi</subfield>
         <subfield code="b">eng</subfield>
      </datafield>
      <datafield tag="043" ind1=" " ind2=" ">
         <subfield code="a">a-cc---</subfield>
      </datafield>
      <datafield tag="050" ind1=" " ind2="4">
         <subfield code="a">D13.2</subfield>
         <subfield code="b">.W66</subfield>
      </datafield>
      <datafield tag="066" ind1=" " ind2=" ">
         <subfield code="c">$1</subfield>
      </datafield>
      <datafield tag="245" ind1="0" ind2="0">
         <subfield code="6">880-01</subfield>
         <subfield code="a">Zheng zhi ren zhi yu li shi bian qian =</subfield>
         <subfield code="b">Political cognition and historical evolution /</subfield>
         <subfield code="c">Chen Heng, Hong Qingming zhu bian.</subfield>
      </datafield>
      <datafield tag="246" ind1="3" ind2="1">
         <subfield code="a">Political cognition and historical evolution</subfield>
      </datafield>
      <datafield tag="250" ind1=" " ind2=" ">
         <subfield code="6">880-02</subfield>
         <subfield code="a">Di 1 ban.</subfield>
      </datafield>
      <datafield tag="264" ind1=" " ind2="1">
         <subfield code="6">880-03</subfield>
         <subfield code="a">Shanghai :</subfield>
         <subfield code="b">Shi ji chu ban ji tuan Shanghai ren ming chu ban she :</subfield>
         <subfield code="c">2014.</subfield>
      </datafield>
      <datafield tag="300" ind1=" " ind2=" ">
         <subfield code="a">2, 305 pages ;</subfield>
         <subfield code="c">24 cm.</subfield>
      </datafield>
      <datafield tag="336" ind1=" " ind2=" ">
         <subfield code="a">text</subfield>
         <subfield code="b">txt</subfield>
         <subfield code="2">rdacontent</subfield>
      </datafield>
      <datafield tag="337" ind1=" " ind2=" ">
         <subfield code="a">unmediated</subfield>
         <subfield code="b">n</subfield>
         <subfield code="2">rdamedia</subfield>
      </datafield>
      <datafield tag="338" ind1=" " ind2=" ">
         <subfield code="a">volume</subfield>
         <subfield code="b">nc</subfield>
         <subfield code="2">rdacarrier</subfield>
      </datafield>
      <datafield tag="490" ind1="1" ind2=" ">
         <subfield code="6">880-04</subfield>
         <subfield code="a">Shi jie li shi ping lun =</subfield>
         <subfield code="a">World Historical Review ;</subfield>
         <subfield code="v">1</subfield>
      </datafield>
      <datafield tag="546" ind1=" " ind2=" ">
         <subfield code="a">In Chinese, with abstract of each article in English.</subfield>
      </datafield>
      <datafield tag="505" ind1="0" ind2="0">
         <subfield code="6">880-05</subfield>
         <subfield code="a">Gu Xila yan shuo yu Yadian min zhong zheng zhi ren zhi: yi Feiluokeladi he yue wei li /</subfield>
         <subfield code="r">Li Shangjun --</subfield>
         <subfield code="t">Lun Youtai jiao li shi gan de fa sheng /</subfield>
         <subfield code="r">Yang Jun --</subfield>
         <subfield code="t">"Xia hou shi zhi Miao yi": Xiongnu zu yuan shen hua ji qi chuang zao de li shi qing jing /</subfield>
         <subfield code="r">Xu Xiaoxu --</subfield>
         <subfield code="t">Xi fang shi xue zhong yi zhong xin fan xing "Jidu jiao shi xue" de que li : wei rao Youxibiwusi "Jiao hui shi" de si kao /</subfield>
         <subfield code="r">Xiao Chao --</subfield>
         <subfield code="t">Jin dai zao qi Ou Zhou de "Sheng huo zhou qi yong ren" yan jiu /</subfield>
         <subfield code="r">Yu Jinyao --</subfield>
         <subfield code="t">Yan xu yu duan liu: Qi meng yun dong shi qi dao 19 shi ji Ou Zhou shi xue zhuan bian /</subfield>
         <subfield code="r">Liu Yaochun --</subfield>
         <subfield code="t">20 shi ji li shi zhe xue zhong de Lanke xing xiang /</subfield>
         <subfield code="r">Lü Heying --</subfield>
         <subfield code="t">Meiguo dui wai wen hua shi wu ji gou de li shi bian qian /</subfield>
         <subfield code="r">Xin Zhaoyi, Dong Xiaochun --</subfield>
         <subfield code="t">2013 nian Zhongguo shi jie gu dai zhong shi ji shi xue fa zhan zong shu /</subfield>
         <subfield code="r">Zhongguo she hui ke xue yuan shi jie li shi yan jiu suo gu dai zhong shi ji shi yan jiu shi --</subfield>
         <subfield code="t">18 shi ji Fa guo si xiang qi hou de zhuan bian yu ge ming qi yuan: du Moernei "Fa guo ge ming de si xiang qi yuan /</subfield>
         <subfield code="r">Hong Qingming --</subfield>
         <subfield code="t">Gu dai wen ming yan jiu qian yan wen ti yu fang fa /</subfield>
         <subfield code="r">Yan Shaoxiang, Jin Shoufu, Huang Yang, Zhang Wei, Yi Zhaohe, Chen Heng --</subfield>
         <subfield code="t">"Lin duo si bei" yi zhu /</subfield>
         <subfield code="r">Zhang Qiang --</subfield>
         <subfield code="t">Yintaifu shi bei ming wen yi zhu /</subfield>
         <subfield code="r">Li Xiaodong, Li Huixue.</subfield>
      </datafield>
      <datafield tag="504" ind1=" " ind2=" ">
         <subfield code="a">Includes bibliographical references.</subfield>
      </datafield>
      <datafield tag="650" ind1=" " ind2="0">
         <subfield code="a">World history.</subfield>
      </datafield>
      <datafield tag="700" ind1="1" ind2=" ">
         <subfield code="a">Chen, Heng</subfield>
         <subfield code="6">880-06</subfield>
         <subfield code="e">editor.</subfield>
      </datafield>
      <datafield tag="710" ind1="2" ind2=" ">
         <subfield code="6">880-07</subfield>
         <subfield code="a">Hong, Qingming,</subfield>
         <subfield code="e">editor.</subfield>
      </datafield>
      <datafield tag="880" ind1="0" ind2="0">
         <subfield code="6">245-01/</subfield>
         <subfield code="a">政治认知与历史变迁 =</subfield>
         <subfield code="b">Political cognition and historical evolution /</subfield>
         <subfield code="c">陈恒, 洪庆明主编.</subfield>
      </datafield>
      <datafield tag="880" ind1=" " ind2=" ">
         <subfield code="6">250-02/</subfield>
         <subfield code="a">第1版.</subfield>
      </datafield>
      <datafield tag="880" ind1=" " ind2="1">
         <subfield code="6">264-03/</subfield>
         <subfield code="a">上海 :</subfield>
         <subfield code="b">世纪出版集团上海人民出版社,</subfield>
         <subfield code="c">2014.</subfield>
      </datafield>
      <datafield tag="880" ind1="1" ind2=" ">
         <subfield code="6">490-04/</subfield>
         <subfield code="a">世界历史评论 =</subfield>
         <subfield code="a">World Historical Review ;</subfield>
         <subfield code="v">1</subfield>
      </datafield>
      <datafield tag="880" ind1="0" ind2="0">
         <subfield code="6">505-05/</subfield>
         <subfield code="a">古希腊演说与雅典民众政治认知: 以腓洛克拉底合约为例 /</subfield>
         <subfield code="r">李尚君 --</subfield>
         <subfield code="t">论犹太教历史感的发生 /</subfield>
         <subfield code="r">杨军 --</subfield>
         <subfield code="t">"夏后氏之苗裔": 匈奴祖源神话及其创造的历史情境 /</subfield>
         <subfield code="r">徐晓旭 --</subfield>
         <subfield code="t">西方史学中一种新范型"基督教史学"的确立: 围绕攸西比乌斯《教会史》的思考 /</subfield>
         <subfield code="r">肖超 --</subfield>
         <subfield code="t">近代早期欧洲的"生活周期佣人"研究 /</subfield>
         <subfield code="r">俞金尧 --</subfield>
         <subfield code="t">延续与断裂: 启蒙运动时期到19世纪欧洲史学转变 /</subfield>
         <subfield code="r">刘耀春 --</subfield>
         <subfield code="t">20世纪历史哲学中的兰克形象 /</subfield>
         <subfield code="r">吕和应 --</subfield>
         <subfield code="t">美国对外文化事务机构的历史变迁 /</subfield>
         <subfield code="r">辛兆义, 董小川 --</subfield>
         <subfield code="t">2013年中国世界古代中世纪史学科发展综述 /</subfield>
         <subfield code="r">中国社会科学院世界历史研究所古代中世纪史研究室 --</subfield>
         <subfield code="t">18世纪法国思想气候的转变与革命起源: 读莫尔内《法国革命的思想起源》 /</subfield>
         <subfield code="r">洪庆明 --</subfield>
         <subfield code="t">古代文明研究前沿问题与方法 /</subfield>
         <subfield code="r">匽绍祥, 金寿福, 黄洋, 张巍, 裔昭印, 陈恒 --</subfield>
         <subfield code="t">《林多斯碑》译注 /</subfield>
         <subfield code="r">张强 --</subfield>
         <subfield code="t">因泰甫石碑铭文译注 /</subfield>
         <subfield code="r">李晓东, 李慧雪.</subfield>
      </datafield>
      <datafield tag="880" ind1="1" ind2=" ">
         <subfield code="6">700-06/</subfield>
         <subfield code="a">陈恒,</subfield>
         <subfield code="e">editor.</subfield>
      </datafield>
      <datafield tag="880" ind1="2" ind2=" ">
         <subfield code="6">710-07/</subfield>
         <subfield code="a">洪庆明,</subfield>
         <subfield code="e">editor.</subfield>
      </datafield>
      <datafield tag="830" ind1=" " ind2="0">
         <subfield code="6">880-08</subfield>
         <subfield code="a">Shi jie li shi ping lun ;</subfield>
         <subfield code="v">1,</subfield>
         <subfield code="n">1.</subfield>
      </datafield>
      <datafield tag="880" ind1=" " ind2="0">
         <subfield code="6">830-08/</subfield>
         <subfield code="a">世界历史评论 ;</subfield>
         <subfield code="v">1,</subfield>
         <subfield code="n">1.</subfield>
      </datafield>
      <datafield tag="OWN" ind1=" " ind2=" ">
         <subfield code="a">GENERAL</subfield>
      </datafield>
      <datafield tag="AVA" ind1=" " ind2=" ">
         <subfield code="a">NYU50</subfield>
         <subfield code="b">NISAW</subfield>
         <subfield code="c">Small Collection</subfield>
         <subfield code="d">D13.2 .W66</subfield>
         <subfield code="e">available</subfield>
         <subfield code="t">Available</subfield>
         <subfield code="f">1</subfield>
         <subfield code="g">0</subfield>
         <subfield code="h">Y</subfield>
         <subfield code="i">0</subfield>
         <subfield code="j">SMALL</subfield>
         <subfield code="k">0</subfield>
      </datafield>
      <marc:datafield tag="852" ind1=" " ind2=" ">
         <marc:subfield code="b">Institute for the Study of the Ancient World, </marc:subfield>
         <marc:subfield code="c">Small Collection</marc:subfield>
         <marc:subfield code="e">15 East 84th St., </marc:subfield>
         <marc:subfield code="e">New York, NY  10028</marc:subfield>
      </marc:datafield>
   </record>