
  
  
  
  
  
  
 
  
  <record xsi:schemaLocation="http://www.loc.gov/MARC21/slim http://www.loc.gov/standards/marcxml/schema/MARC21slim.xsd">
      <leader>00000cam  2200589 i 4500</leader>
      <controlfield tag="FMT">BK</controlfield>
      <controlfield tag="LDR">00000cam  2200589 i 4500</controlfield>
      <controlfield tag="001">004079747</controlfield>
      <controlfield tag="003">OCoLC</controlfield>
      <controlfield tag="005">20141211102906.0</controlfield>
      <controlfield tag="008">141211s1975    gw       b    101 0 ger d</controlfield>
      <datafield tag="020" ind1=" " ind2=" ">
         <subfield code="a">3412019747</subfield>
      </datafield>
      <datafield tag="020" ind1=" " ind2=" ">
         <subfield code="a">9783412019747</subfield>
      </datafield>
      <datafield tag="035" ind1=" " ind2=" ">
         <subfield code="a">(OCoLC)2327860</subfield>
         <subfield code="z">(OCoLC)70412523</subfield>
         <subfield code="z">(OCoLC)150792945</subfield>
      </datafield>
      <datafield tag="040" ind1=" " ind2=" ">
         <subfield code="a">CIN</subfield>
         <subfield code="b">eng</subfield>
         <subfield code="c">CIN</subfield>
         <subfield code="d">FCI</subfield>
         <subfield code="d">OCLCG</subfield>
         <subfield code="d">OCLCQ</subfield>
         <subfield code="d">UAB</subfield>
         <subfield code="d">LVB</subfield>
         <subfield code="d">OCLCF</subfield>
         <subfield code="d">OCLCQ</subfield>
         <subfield code="d">OCLCO</subfield>
         <subfield code="d">NNU</subfield>
      </datafield>
      <datafield tag="041" ind1="0" ind2=" ">
         <subfield code="a">ger</subfield>
         <subfield code="a">fre</subfield>
         <subfield code="a">gre</subfield>
         <subfield code="a">ita</subfield>
      </datafield>
      <datafield tag="043" ind1=" " ind2=" ">
         <subfield code="a">e-gr---</subfield>
      </datafield>
      <datafield tag="050" ind1=" " ind2="4">
         <subfield code="a">DF87</subfield>
         <subfield code="b">.S9</subfield>
      </datafield>
      <datafield tag="082" ind1="0" ind2="4">
         <subfield code="a">938</subfield>
      </datafield>
      <datafield tag="090" ind1=" " ind2=" ">
         <subfield code="a">KL4106.5</subfield>
         <subfield code="b">.G47 1971</subfield>
      </datafield>
      <datafield tag="110" ind1="2" ind2=" ">
         <subfield code="a">Gesellschaft für Griechische und Hellenistische Rechtsgeschichte.</subfield>
         <subfield code="b">Symposion</subfield>
         <subfield code="d">(1971 :</subfield>
         <subfield code="c">Bielefeld, Germany)</subfield>
      </datafield>
      <datafield tag="245" ind1="1" ind2="0">
         <subfield code="a">Symposion 1971 :</subfield>
         <subfield code="b">Vorträge zur griechischen und hellenistischen Rechtsgeschichte in Gemeinschaft mit Josef Modrzejewski und Dieter Nörr /</subfield>
         <subfield code="c">hrsg. von Hans Julius Wolff.</subfield>
      </datafield>
      <datafield tag="246" ind1="3" ind2="0">
         <subfield code="a">Symposion neunzehnhunderteinundsiebzig</subfield>
      </datafield>
      <datafield tag="260" ind1=" " ind2=" ">
         <subfield code="a">Köln :</subfield>
         <subfield code="b">Böhlau Verlag,</subfield>
         <subfield code="c">1975.</subfield>
      </datafield>
      <datafield tag="300" ind1=" " ind2=" ">
         <subfield code="a">x, 382 pages ;</subfield>
         <subfield code="c">24 cm.</subfield>
      </datafield>
      <datafield tag="336" ind1=" " ind2=" ">
         <subfield code="a">text</subfield>
         <subfield code="b">txt</subfield>
         <subfield code="2">rdacontent</subfield>
      </datafield>
      <datafield tag="337" ind1=" " ind2=" ">
         <subfield code="a">unmediated</subfield>
         <subfield code="b">n</subfield>
         <subfield code="2">rdamedia</subfield>
      </datafield>
      <datafield tag="338" ind1=" " ind2=" ">
         <subfield code="a">volume</subfield>
         <subfield code="b">nc</subfield>
         <subfield code="2">rdacarrier</subfield>
      </datafield>
      <datafield tag="490" ind1="1" ind2=" ">
         <subfield code="a">Akten der Gesellschaft für griechische und hellenistische Rechtsgeschichte ;</subfield>
         <subfield code="v">Bd. 1</subfield>
      </datafield>
      <datafield tag="500" ind1=" " ind2=" ">
         <subfield code="a">"Unter den Auspizien des Zentrums für Interdisziplinäre Forschung der Universität Bielefeld ..."</subfield>
      </datafield>
      <datafield tag="504" ind1=" " ind2=" ">
         <subfield code="a">Includes bibliographical references and index.</subfield>
      </datafield>
      <datafield tag="505" ind1="0" ind2="0">
         <subfield code="t">Juristische Graezistik : Aufgaben, Probleme, Möglichkeiten /</subfield>
         <subfield code="r">Wolff, Hans Julius --</subfield>
         <subfield code="t">Rechtshilosophie und positives Recht in Griechenland /</subfield>
         <subfield code="r">Triantaphyllopoulos, Johannes --</subfield>
         <subfield code="t">Quellen zur älteren griechischen Geschichte /</subfield>
         <subfield code="r">Ruschenbusch, Eberhard --</subfield>
         <subfield code="t">Έπὶ τοῖσδε ἔδωκαν Πραισίοι Σταλίταις τὰν χώραν : Zu einem Geschäftstyp des griechischen Völkerrechts /</subfield>
         <subfield code="r">Gschnitzer, Fritz --</subfield>
         <subfield code="t">Traité entre le roi Attale Ier de Pergame et la cité de Malla (Crète) (Résumé) /</subfield>
         <subfield code="r">Daux, Georges --</subfield>
         <subfield code="t">Sulla condizione delel città suddite nelle considdette άπχαί durante il principato /</subfield>
         <subfield code="r">Luzzatto, Giusseppe Ignazio --</subfield>
         <subfield code="t">Giudizio paragrafico ed amissibilità dell' azione nel sistema processulae attico /</subfield>
         <subfield code="r">Talamanca, Mario --</subfield>
         <subfield code="t">ἀνάδικος δίκη und das Scholion zu Plato Nomoi 937d /</subfield>
         <subfield code="r">Behrend, Diederich --</subfield>
         <subfield code="t">Komplexe Prozessführung : Dargestellt am Beispiel des Trapezitikos (Isokr. 17) /</subfield>
         <subfield code="r">Thür, Gerhard --</subfield>
         <subfield code="t">Zur Entstehung und Bedeutung der καθάπερ ἐκ δίκης-Klausel in den griechischen Papyri Ägyptens /</subfield>
         <subfield code="r">Meyer-Laurin, Harald --</subfield>
         <subfield code="t">Métèques et étrangers à Athènes au IVe-IIIe siècles avant notre ère /</subfield>
         <subfield code="r">Mossé, Claude --</subfield>
         <subfield code="t">Épiclérat dans la Comédie Nouvelle et dans les sources latines /</subfield>
         <subfield code="r">Karabelias, Evanghelos --</subfield>
         <subfield code="t">Attischen Aufzeichnungen über die Einlieferung von φιάλαι ἐξελενθερικαί /</subfield>
         <subfield code="r">Kränzlein, Arnold --</subfield>
         <subfield code="t">Actes d'affranchissement des exclaves du Royaume de Bosphore et les origines de la manumissio in ecclesia /</subfield>
         <subfield code="r">Nadel, Benjamin --</subfield>
         <subfield code="t">Φόνος μὴ ἐκ προνοίας : l'elemento soggetivo dell' atto illecito nei logografi e nei filosofi /</subfield>
         <subfield code="r">Cantarella, Eva --</subfield>
         <subfield code="t">Verfügungsermächtigungen als Gestaltungselemente verschiedener griechischser Geschäftstypen /</subfield>
         <subfield code="r">Herrmann, Johannes --</subfield>
         <subfield code="t">Horoi /</subfield>
         <subfield code="r">Germain, Louis R.F. --</subfield>
         <subfield code="t">Bemerkungen zum platonischen Bienenrecht (Lg. 843d7-e1) /</subfield>
         <subfield code="r">Klingenberg, Eberhard.</subfield>
      </datafield>
      <datafield tag="650" ind1=" " ind2="0">
         <subfield code="a">Law, Greek</subfield>
         <subfield code="v">Congresses.</subfield>
      </datafield>
      <datafield tag="650" ind1=" " ind2="0">
         <subfield code="a">Law, Ancient</subfield>
         <subfield code="v">Congresses.</subfield>
      </datafield>
      <datafield tag="650" ind1=" " ind2="7">
         <subfield code="a">Law, Ancient.</subfield>
         <subfield code="2">fast</subfield>
         <subfield code="0">(OCoLC)fst00994165</subfield>
      </datafield>
      <datafield tag="650" ind1=" " ind2="7">
         <subfield code="a">Law, Greek.</subfield>
         <subfield code="2">fast</subfield>
         <subfield code="0">(OCoLC)fst00994212</subfield>
      </datafield>
      <datafield tag="650" ind1=" " ind2="7">
         <subfield code="a">Droit grec</subfield>
         <subfield code="x">congrès.</subfield>
         <subfield code="2">ram</subfield>
      </datafield>
      <datafield tag="700" ind1="1" ind2=" ">
         <subfield code="a">Modrzejewski, Joseph</subfield>
         <subfield code="e">editor.</subfield>
      </datafield>
      <datafield tag="700" ind1="1" ind2=" ">
         <subfield code="a">Nörr, Dieter,</subfield>
         <subfield code="d">1931-</subfield>
         <subfield code="e">editor of compilation.</subfield>
      </datafield>
      <datafield tag="700" ind1="1" ind2=" ">
         <subfield code="a">Wolff, Hans Julius,</subfield>
         <subfield code="d">1902-1983</subfield>
         <subfield code="e">editor of compilation.</subfield>
      </datafield>
      <datafield tag="710" ind1="2" ind2=" ">
         <subfield code="a">Universität Bielefeld.</subfield>
         <subfield code="b">Zentrum für Interdisziplinäre Forschung,</subfield>
         <subfield code="e">host institution.</subfield>
      </datafield>
      <datafield tag="830" ind1=" " ind2="0">
         <subfield code="a">Akten der Gesellschaft für Griechische und Hellenistische Rechtsgeschichte ;</subfield>
         <subfield code="v">Bd. 1.</subfield>
      </datafield>
      <datafield tag="994" ind1=" " ind2=" ">
         <subfield code="a">Z0</subfield>
         <subfield code="b">ZYU</subfield>
      </datafield>
      <datafield tag="OWN" ind1=" " ind2=" ">
         <subfield code="a">GENERAL</subfield>
      </datafield>
      <datafield tag="AVA" ind1=" " ind2=" ">
         <subfield code="a">NYU50</subfield>
         <subfield code="b">NISAW</subfield>
         <subfield code="c">Small Collection</subfield>
         <subfield code="d">KL4106.5 .G47 1971</subfield>
         <subfield code="e">available</subfield>
         <subfield code="t">Available</subfield>
         <subfield code="f">1</subfield>
         <subfield code="g">0</subfield>
         <subfield code="h">N</subfield>
         <subfield code="i">0</subfield>
         <subfield code="j">SMALL</subfield>
         <subfield code="k">0</subfield>
      </datafield>
      <marc:datafield tag="852" ind1=" " ind2=" ">
         <marc:subfield code="b">Institute for the Study of the Ancient World, </marc:subfield>
         <marc:subfield code="c">Small Collection</marc:subfield>
         <marc:subfield code="e">15 East 84th St., </marc:subfield>
         <marc:subfield code="e">New York, NY  10028</marc:subfield>
      </marc:datafield>
   </record>