
  
  
  
  
 
  
  <record xsi:schemaLocation="http://www.loc.gov/MARC21/slim http://www.loc.gov/standards/marcxml/schema/MARC21slim.xsd">
      <leader>00000cam  2200433 i 4500</leader>
      <controlfield tag="FMT">BK</controlfield>
      <controlfield tag="LDR">00000cam  2200433 i 4500</controlfield>
      <controlfield tag="001">004083714</controlfield>
      <controlfield tag="003">OCoLC</controlfield>
      <controlfield tag="005">20141217160011.0</controlfield>
      <controlfield tag="008">141217s2014    it ab    b    000 0 eng d</controlfield>
      <datafield tag="020" ind1=" " ind2=" ">
         <subfield code="a">9788878491038</subfield>
      </datafield>
      <datafield tag="020" ind1=" " ind2=" ">
         <subfield code="a">8878491039</subfield>
      </datafield>
      <datafield tag="035" ind1=" " ind2=" ">
         <subfield code="a">(OCoLC)891089281</subfield>
      </datafield>
      <datafield tag="040" ind1=" " ind2=" ">
         <subfield code="a">C3L</subfield>
         <subfield code="b">eng</subfield>
         <subfield code="e">rda</subfield>
         <subfield code="c">C3L</subfield>
         <subfield code="d">OCLCO</subfield>
         <subfield code="d">NOC</subfield>
         <subfield code="d">LOA</subfield>
         <subfield code="d">NNU</subfield>
      </datafield>
      <datafield tag="041" ind1="0" ind2=" ">
         <subfield code="a">eng</subfield>
         <subfield code="a">ita</subfield>
         <subfield code="a">tur</subfield>
      </datafield>
      <datafield tag="043" ind1=" " ind2=" ">
         <subfield code="a">a-tu---</subfield>
      </datafield>
      <datafield tag="050" ind1=" " ind2="4">
         <subfield code="a">DS156.C325</subfield>
         <subfield code="b">K37 2014</subfield>
      </datafield>
      <datafield tag="082" ind1="1" ind2="4">
         <subfield code="a">939</subfield>
         <subfield code="2">14</subfield>
      </datafield>
      <datafield tag="245" ind1="0" ind2="0">
         <subfield code="a">Karkemish :</subfield>
         <subfield code="b">an ancient capital on the Euphrates /</subfield>
         <subfield code="c">edited by Nicolò Marchetti.</subfield>
      </datafield>
      <datafield tag="264" ind1=" " ind2="1">
         <subfield code="a">Bologna :</subfield>
         <subfield code="b">Ante quem,</subfield>
         <subfield code="c">[2014]</subfield>
      </datafield>
      <datafield tag="300" ind1=" " ind2=" ">
         <subfield code="a">191 pages :</subfield>
         <subfield code="b">illustrations (chiefly color), maps (some color) ;</subfield>
         <subfield code="c">21 cm.</subfield>
      </datafield>
      <datafield tag="336" ind1=" " ind2=" ">
         <subfield code="a">text</subfield>
         <subfield code="b">txt</subfield>
         <subfield code="2">rdacontent</subfield>
      </datafield>
      <datafield tag="337" ind1=" " ind2=" ">
         <subfield code="a">unmediated</subfield>
         <subfield code="b">n</subfield>
         <subfield code="2">rdamedia</subfield>
      </datafield>
      <datafield tag="338" ind1=" " ind2=" ">
         <subfield code="a">volume</subfield>
         <subfield code="b">nc</subfield>
         <subfield code="2">rdacarrier</subfield>
      </datafield>
      <datafield tag="490" ind1="1" ind2=" ">
         <subfield code="a">OrientLab ;</subfield>
         <subfield code="v">2</subfield>
      </datafield>
      <datafield tag="500" ind1=" " ind2=" ">
         <subfield code="a">Collected essays.</subfield>
      </datafield>
      <datafield tag="500" ind1=" " ind2=" ">
         <subfield code="a">Number of series appears on cover.</subfield>
      </datafield>
      <datafield tag="546" ind1=" " ind2=" ">
         <subfield code="a">Texts in English and Italian; preface also in Turkish.</subfield>
      </datafield>
      <datafield tag="504" ind1=" " ind2=" ">
         <subfield code="a">Includes bibliographical references (pages 177-191).</subfield>
      </datafield>
      <datafield tag="505" ind1="0" ind2="0">
         <subfield code="t">Premessa /</subfield>
         <subfield code="r">Scarante, Gianpaolo --</subfield>
         <subfield code="t">Önsöz /</subfield>
         <subfield code="r">Duru, Refik --</subfield>
         <subfield code="t">Acknowledgements /</subfield>
         <subfield code="r">Marchetti, Nicolò.</subfield>
         <subfield code="t">A HISTORY OF FIELDWORK AT KARKEMISH.</subfield>
         <subfield code="t">A century of excavations at Karkemish: filling the gaps /</subfield>
         <subfield code="r">Marchetti, Nicolò --</subfield>
         <subfield code="t">George Smith's identification of Karkemish : from the account of his assistant Mathewson /</subfield>
         <subfield code="r">Panayotov, Strahil V. --</subfield>
         <subfield code="t">British Museum excavations at Karkemish (1911-1914, 1920) : a summary of the activities and of the methods employed /</subfield>
         <subfield code="r">Benati, Giacomo --</subfield>
         <subfield code="t">Woolley's and Lawrence's expedition house in Karkemish : preliminary notes for the history of the building /</subfield>
         <subfield code="r">Di Cristina, Silvia.</subfield>
         <subfield code="t">ANCIENT HISTORY OF KARKEMISH.</subfield>
         <subfield code="t">Karkemish in the Ebla Texts : some new data /</subfield>
         <subfield code="r">Biga, Maria Giovanna --</subfield>
         <subfield code="t">Karkemish nel Bronzo Medio /</subfield>
         <subfield code="r">Marchesi, Gianni --</subfield>
         <subfield code="t">Ruolo politico di Karkemish in Siria durante il periodo imperiale ittita /</subfield>
         <subfield code="r">De Martino, Stefano --</subfield>
         <subfield code="t">Corte di Karkemish durante il periodo imperiale ittita /</subfield>
         <subfield code="r">Mora, Clelia --</subfield>
         <subfield code="t">Karkemish in the Egyptian sources /</subfield>
         <subfield code="r">Zecchi, Marco --</subfield>
      </datafield>
      <datafield tag="505" ind1="0" ind2="0">
         <subfield code="t">Karkemish in the Iron Age /</subfield>
         <subfield code="r">Hawkins, J. David --</subfield>
         <subfield code="r">Peker, Hasan --</subfield>
         <subfield code="t">Karkemish in età classica /</subfield>
         <subfield code="r">Ferrari, Kevin --</subfield>
         <subfield code="t">Karkemish and Its region in Late Antique and Byzantine times /</subfield>
         <subfield code="r">Ricci, Alessandra.</subfield>
         <subfield code="t">MISCELLANEOUS STUDIES.</subfield>
         <subfield code="t">New stele from Karkemish : at the origins of the Suhi-Katuwa dynasty /</subfield>
         <subfield code="r">Dinçol, Ali --</subfield>
         <subfield code="r">Diçol, Belkıs --</subfield>
         <subfield code="r">Hawkins, J. David --</subfield>
         <subfield code="r">Marchetti, Nicolò --</subfield>
         <subfield code="r">Peker, Hasan --</subfield>
         <subfield code="t">Some hieroglyphic fragments from the 2011 season at Karkemish /</subfield>
         <subfield code="r">Peker, Hasan --</subfield>
         <subfield code="r">Weeden, Mark --</subfield>
         <subfield code="t">Iron Age II-III pottery assemblage from Karkemish and Yunus /</subfield>
         <subfield code="r">Bonomo, Antonio --</subfield>
         <subfield code="r">Zaina, Federico --</subfield>
         <subfield code="t">Some preliminary remarks on the Iron Age stone vessels from Karkemish /</subfield>
         <subfield code="r">Guerri, Luisa --</subfield>
         <subfield code="t">3D scanning of sculptures and inscriptions at Karkemish /</subfield>
         <subfield code="r">Adamo, Andrea --</subfield>
         <subfield code="r">Bassetto, Stefano --</subfield>
         <subfield code="r">Bitelli, Gabriele --</subfield>
         <subfield code="r">Girardi, Fabrizio --</subfield>
         <subfield code="r">Girelli, Valentina A. --</subfield>
         <subfield code="t">Georeferencing Karkemish /</subfield>
         <subfield code="r">Bitelli, Gabriele --</subfield>
         <subfield code="r">Mandanici, Emanuele --</subfield>
         <subfield code="r">Bernardoni, Silvia --</subfield>
         <subfield code="r">Trojanis, Raffaele -- Ortofoto aerea della Inner Town di Karkemish (campagna 2011) /</subfield>
         <subfield code="r">Zanfini, Massimo.</subfield>
      </datafield>
      <datafield tag="651" ind1=" " ind2="0">
         <subfield code="a">Carchemish (Extinct city)</subfield>
      </datafield>
      <datafield tag="650" ind1=" " ind2="0">
         <subfield code="a">Excavations (Archaeology)</subfield>
         <subfield code="z">Turkey</subfield>
         <subfield code="z">Carchemish (Extinct city).</subfield>
      </datafield>
      <datafield tag="651" ind1=" " ind2="0">
         <subfield code="a">Turkey</subfield>
         <subfield code="x">Antiquities.</subfield>
      </datafield>
      <datafield tag="700" ind1="1" ind2=" ">
         <subfield code="a">Marchetti, Nicolò,</subfield>
         <subfield code="d">1968-</subfield>
      </datafield>
      <datafield tag="830" ind1=" " ind2="0">
         <subfield code="a">OrientLab ;</subfield>
         <subfield code="v">2.</subfield>
      </datafield>
      <datafield tag="994" ind1=" " ind2=" ">
         <subfield code="a">Z0</subfield>
         <subfield code="b">ZYU</subfield>
      </datafield>
      <datafield tag="OWN" ind1=" " ind2=" ">
         <subfield code="a">GENERAL</subfield>
      </datafield>
      <datafield tag="AVA" ind1=" " ind2=" ">
         <subfield code="a">NYU50</subfield>
         <subfield code="b">NISAW</subfield>
         <subfield code="c">Large Collection</subfield>
         <subfield code="d">DS156.C325 K37 2014</subfield>
         <subfield code="e">available</subfield>
         <subfield code="t">Available</subfield>
         <subfield code="f">1</subfield>
         <subfield code="g">0</subfield>
         <subfield code="h">N</subfield>
         <subfield code="i">0</subfield>
         <subfield code="j">LARGE</subfield>
         <subfield code="k">0</subfield>
      </datafield>
      <marc:datafield tag="852" ind1=" " ind2=" ">
         <marc:subfield code="b">Institute for the Study of the Ancient World, </marc:subfield>
         <marc:subfield code="c">Large Collection</marc:subfield>
         <marc:subfield code="e">15 East 84th St., </marc:subfield>
         <marc:subfield code="e">New York, NY  10028</marc:subfield>
      </marc:datafield>
   </record>