
  
  
  
  
  
 
  
  <record xsi:schemaLocation="http://www.loc.gov/MARC21/slim http://www.loc.gov/standards/marcxml/schema/MARC21slim.xsd">
      <leader>00000cam  22007815a 4500</leader>
      <controlfield tag="FMT">BK</controlfield>
      <controlfield tag="LDR">00000cam  22007815a 4500</controlfield>
      <controlfield tag="001">004083760</controlfield>
      <controlfield tag="003">OCoLC</controlfield>
      <controlfield tag="005">20141218121454.0</controlfield>
      <controlfield tag="008">141217s1996    cc ab    b    000 0 chird</controlfield>
      <datafield tag="020" ind1=" " ind2=" ">
         <subfield code="a">7806094547</subfield>
      </datafield>
      <datafield tag="020" ind1=" " ind2=" ">
         <subfield code="a">9787806094549</subfield>
      </datafield>
      <datafield tag="035" ind1=" " ind2=" ">
         <subfield code="a">(OCoLC)42742377</subfield>
      </datafield>
      <datafield tag="040" ind1=" " ind2=" ">
         <subfield code="a">PUL</subfield>
         <subfield code="b">eng</subfield>
         <subfield code="c">PUL</subfield>
         <subfield code="d">OCLCQ</subfield>
         <subfield code="d">DRB</subfield>
         <subfield code="d">SINLB</subfield>
         <subfield code="d">OCLCF</subfield>
         <subfield code="d">OCLCQ</subfield>
         <subfield code="d">OCLCO</subfield>
         <subfield code="d">ZYU</subfield>
         <subfield code="d">NNU</subfield>
      </datafield>
      <datafield tag="041" ind1="0" ind2=" ">
         <subfield code="a">chieng</subfield>
      </datafield>
      <datafield tag="043" ind1=" " ind2=" ">
         <subfield code="a">a-cc-ku</subfield>
         <subfield code="a">a-cc---</subfield>
      </datafield>
      <datafield tag="050" ind1="1" ind2="4">
         <subfield code="a">DS793.K45</subfield>
         <subfield code="b">T75 1996</subfield>
      </datafield>
      <datafield tag="050" ind1=" " ind2="4">
         <subfield code="a">GN776.2.L52</subfield>
         <subfield code="b">T75 1996</subfield>
      </datafield>
      <datafield tag="066" ind1=" " ind2=" ">
         <subfield code="c">$1</subfield>
      </datafield>
      <datafield tag="082" ind1="0" ind2="4">
         <subfield code="a">950</subfield>
      </datafield>
      <datafield tag="245" ind1="0" ind2="0">
         <subfield code="6">880-01</subfield>
         <subfield code="a">Dong fang wen ming zhi guang :</subfield>
         <subfield code="b">Liangzhu wen hua fa xian 60 zhou nian ji nian wen ji, 1936-1996 = The light of oriental civilization : collected essays in commemoration of the 60th anniversary of the discovery of Liang Zhu culture /</subfield>
         <subfield code="c">zhu bian Xu Huping ; fu zhu bian Wang Zun'guo, Zheng Qi.</subfield>
      </datafield>
      <datafield tag="246" ind1="3" ind2="1">
         <subfield code="a">Light of oriental civilization</subfield>
      </datafield>
      <datafield tag="246" ind1="3" ind2="0">
         <subfield code="a">Collected essays in commemoration of the 60th anniversary of the discovery of Liang Zhu culture</subfield>
      </datafield>
      <datafield tag="246" ind1="3" ind2="0">
         <subfield code="6">880-02</subfield>
         <subfield code="a">Liangzhu wen hua fa xian 60 zhou nian ji nian wen ji</subfield>
      </datafield>
      <datafield tag="250" ind1=" " ind2=" ">
         <subfield code="6">880-03</subfield>
         <subfield code="a">Di 1 ban.</subfield>
      </datafield>
      <datafield tag="260" ind1=" " ind2=" ">
         <subfield code="6">880-04</subfield>
         <subfield code="a">Haikou Shi :</subfield>
         <subfield code="b">Hainan guo ji xin wen chu ban zhong xin,</subfield>
         <subfield code="c">1996.</subfield>
      </datafield>
      <datafield tag="300" ind1=" " ind2=" ">
         <subfield code="a">h, iii, 520 pages :</subfield>
         <subfield code="b">illustrations (some color), maps ;</subfield>
         <subfield code="c">26 cm</subfield>
      </datafield>
      <datafield tag="336" ind1=" " ind2=" ">
         <subfield code="a">text</subfield>
         <subfield code="b">txt</subfield>
         <subfield code="2">rdacontent</subfield>
      </datafield>
      <datafield tag="337" ind1=" " ind2=" ">
         <subfield code="a">unmediated</subfield>
         <subfield code="b">n</subfield>
         <subfield code="2">rdamedia</subfield>
      </datafield>
      <datafield tag="338" ind1=" " ind2=" ">
         <subfield code="a">volume</subfield>
         <subfield code="b">nc</subfield>
         <subfield code="2">rdacarrier</subfield>
      </datafield>
      <datafield tag="504" ind1=" " ind2=" ">
         <subfield code="a">Includes bibliographical references.</subfield>
      </datafield>
      <datafield tag="546" ind1=" " ind2=" ">
         <subfield code="a">Table of contents also in English.</subfield>
      </datafield>
      <datafield tag="505" ind1="0" ind2="0">
         <subfield code="6">880-05</subfield>
         <subfield code="g">Jia bian.</subfield>
         <subfield code="t">Suzhou Caoxieshan Liangzhu wen hua mu zang /</subfield>
         <subfield code="r">Nanjing bo wu yuan --</subfield>
         <subfield code="t">Jiangsu Kunshan Zhaolingshan yi zhi di yi, er ci fa jue jian bao, fu Jiangsu Kunshan Zhaolingshan xin shi qi shi dai yi zhi di yi, er ci fa jue mu zang ren gu jian ding bao gao /</subfield>
         <subfield code="r">Jiangsu Sheng Zhaolingshan kao gu dui --</subfield>
         <subfield code="t">Jiangsu Wujing Sidun yi zhi di si , di wu ci fa jue /</subfield>
         <subfield code="r">Jiangsu Sheng Sidun kao gu dui --</subfield>
         <subfield code="t">Changzhou shi bo wu guan shou cang de Liangzhu wen hua yu qi /</subfield>
         <subfield code="r">Chen Lihua --</subfield>
         <subfield code="t">Liyang chu tu de Liangzhu wen hu yu qi zhen pin shen ren shou mian niao wen gui /</subfield>
         <subfield code="r">Wang Qingqing --</subfield>
         <subfield code="t">Zhejing Yuhang Hengshan Liangzhu wen hua mu zang qing li jian bao /</subfield>
         <subfield code="r">Zhengjiang sheng Yuhang Shi wen guan hui --</subfield>
         <subfield code="t">Liangzhu wen hua bo wu guan shou cang de ji jian yu qi /</subfield>
         <subfield code="r">Shi Shiying --</subfield>
         <subfield code="t">1989 nian Jiangsu Xinxin Huating yi zhi de fa jue /</subfield>
         <subfield code="r">Nanjing bo wu yuan --</subfield>
         <subfield code="t">Jiangsu Funing Luzhuang yi zhi /</subfield>
         <subfield code="r">Nanjing bo wu yuan kao gu yan jiu suo, Yancheng Shi wen guan hui, Yancheng Shi bo wu guan --</subfield>
         <subfield code="t">Jiangsu Funing Luzhang chu tu de Liangzhu wen hua yi wu /</subfield>
         <subfield code="r">Jiang Suhua --</subfield>
         <subfield code="t">Anhui Sheng Dingyuan Xian Desheng Cun chu tu Liangzhu wen hua yi wu /</subfield>
         <subfield code="r">Wu Rongqing --</subfield>
         <subfield code="t">Jiangxi chu tu de Liangzhu wen hu xing yu cong /</subfield>
         <subfield code="r">Wan Liangtian, Wan Deqiang</subfield>
      </datafield>
      <datafield tag="505" ind1="0" ind2="0">
         <subfield code="6">880-06</subfield>
         <subfield code="g">Yi bian.</subfield>
         <subfield code="t">Lun Taihu liu yu gu wen hua gu cheng gu guo /</subfield>
         <subfield code="r">Su Bingqi --</subfield>
         <subfield code="t">Yu qi shi dai shuo /</subfield>
         <subfield code="r">Wu Ruzuo, Mou Yongkang --</subfield>
         <subfield code="t">Liangzhu wen hua mu zang yan jiu /</subfield>
         <subfield code="r">Lu Jianfang --</subfield>
         <subfield code="t">Fuquan Shan Liangzhu wen hua mu di lun xi /</subfield>
         <subfield code="r">Sun Weichang --</subfield>
         <subfield code="t">Songze wen hu Liangzhu wen hua shi Wu Yue xian ren wen hua /</subfield>
         <subfield code="r">Wang Wenqing --</subfield>
         <subfield code="t">Liangzhu wen hua ju luo qun yan jiu /</subfield>
         <subfield code="r">Zhang Zhiheng --</subfield>
         <subfield code="t">Dong nan yuan gu wen hua de fa xian yu wen ming de li shi jin cheng /</subfield>
         <subfield code="r">Yang Qun --</subfield>
         <subfield code="t">Shi lun Liangzhu wen hu nei bu fen ce yu she hui jie gou /</subfield>
         <subfield code="r">Lin Liugen --</subfield>
         <subfield code="t">Liangzhu wen hua de fen qi yu fen qu /</subfield>
         <subfield code="r">Luan Fengshi --</subfield>
         <subfield code="t">Liangzhu gu jin yi cun ji qi wen hu te se /</subfield>
         <subfield code="r">Zhang Zhixin --</subfield>
         <subfield code="t">Liangzhu wen hua qu xiang fen xi /</subfield>
         <subfield code="r">Zhu Guoping --</subfield>
         <subfield code="t">Ju jin 4000 nian hou de huan jing bian qian yu she hui fa zhan /</subfield>
         <subfield code="r">Wang Qing --</subfield>
         <subfield code="t">Taihu liu yu Liangzhu wen hua shi qi de zi ran huan jing /</subfield>
         <subfield code="r">Wang Fubao, Li Minchang deng --</subfield>
         <subfield code="t">Taihu Diqu Liangzhu wen hua shi qi de gu huan jing /</subfield>
         <subfield code="r">Chen Jie, Wu Jianmin --</subfield>
         <subfield code="t">Zhongguo wen ming de li ming shi dai guan yu Liangzhu wen hua de ti gang /</subfield>
         <subfield code="r">Wang Zunguo --</subfield>
         <subfield code="t">Liangzhu wen hua tu xiang yu bi de tan tao /</subfield>
         <subfield code="r">Ren Shinan --</subfield>
         <subfield code="t">Liangzhu wen hua yu diao yan jiu de ji ge wen ti /</subfield>
         <subfield code="r">Yang Jianfang</subfield>
      </datafield>
      <datafield tag="505" ind1="0" ind2="0">
         <subfield code="6">880-07</subfield>
         <subfield code="g">Yi bian.</subfield>
         <subfield code="t">Liangzhu wen hua yu qi wen shi de diao ke ji shu /</subfield>
         <subfield code="r">Linsinaifu --</subfield>
         <subfield code="t">Jian shang Mei guo shou cang de Liangzhu wen hua yu qi /</subfield>
         <subfield code="r">Chen Gandi --</subfield>
         <subfield code="t">Cong Sidun san hao dao Nan Yue wang shi qian dao Han dai yu qi jiao se de zhuan bian /</subfield>
         <subfield code="r">Huang Cuimei --</subfield>
         <subfield code="t">Lue lun Liangzhu yu qi yu Shang dai yu qi de guan xi /</subfield>
         <subfield code="r">Sun Zhixin --</subfield>
         <subfield code="t">Yu cong yu Sidun yi zhi /</subfield>
         <subfield code="r">Che Guangjin --</subfield>
         <subfield code="t">Lun Liangzhu yu qu de zhi zuo gong yi /</subfield>
         <subfield code="r">Lin Huadong --</subfield>
         <subfield code="t">Shi lun Liangzhu wen hua yu qi de li shi di wei /</subfield>
         <subfield code="r">Yin Zhiqiang --</subfield>
         <subfield code="t">Ren niao shou yu cong /</subfield>
         <subfield code="r">Gu Jianxiang --</subfield>
         <subfield code="t">Yu lian zang shi san lun /</subfield>
         <subfield code="r">Zhu Qixin --</subfield>
         <subfield code="t">Liangzhu wen hua yu qi fen qi /</subfield>
         <subfield code="r">Wu Rongqing --</subfield>
         <subfield code="t">Taihu Diqu zao qi yu wen hua xi Xia wen hua de zhong yao yuan yuan /</subfield>
         <subfield code="r">Wen Huifeng --</subfield>
         <subfield code="t">Liangzhu wen hua yu qi tan xi /</subfield>
         <subfield code="r">Hao Minghua --</subfield>
         <subfield code="t">Zhongguo gu yu di zhi kao gu xue yan jiu /</subfield>
         <subfield code="r">Wen Guang, Jing Zhichun --</subfield>
         <subfield code="t">Sidun yi zhi chu tu Liangzhu wen hua yu qi jian ding bao gao /</subfield>
         <subfield code="r">Zheng Jian --</subfield>
         <subfield code="t">Yi ge chu xu wu qian nian de wen hua xian xiang：Liangzhu yu qi shang shen ren shou mian tu xing de nei han ji qi yan bian /</subfield>
         <subfield code="r">Feng Qiyong --</subfield>
         <subfield code="t">Cong Liangzhu wen hua yu qi kan Zhongguo mei xue jing shen zhi xing cheng /</subfield>
         <subfield code="r">Zhang Qi --</subfield>
         <subfield code="t">Liangzhu wen hu de ke hu fu hao ji wen zi chu lun /</subfield>
         <subfield code="r">Qian Yuzhi --</subfield>
         <subfield code="t">Yi shu chai ban yu wu shu xiang zheng /</subfield>
         <subfield code="r">Wang Zheng --</subfield>
         <subfield code="t">Zhaolingshan zu hui zai min zu si wen fa zhang shi shang de zhong yao yi yi /</subfield>
         <subfield code="r">Dong Xinbing, Zheng Qi, Lu Jianfang</subfield>
      </datafield>
      <datafield tag="505" ind1="0" ind2="0">
         <subfield code="6">880-08</subfield>
         <subfield code="g">Fu bian.</subfield>
         <subfield code="t">Liangzhu wen hua chu tu yu qi di dian fen bu tu /</subfield>
         <subfield code="r">Wang Zunguo bian, Li Zhongyi hui --</subfield>
         <subfield code="t">Liangzhu：Hang Xian di er qu hei tao wen hua yi zhi chu bu bao gao zhai yao /</subfield>
         <subfield code="r">Shi Xingeng --</subfield>
         <subfield code="t">Liangzhu wen hu kao gu ji shi 1936-1966 /</subfield>
         <subfield code="r">Hao Minghua, Lu Wenbao, Wang Zunguo ji bian --</subfield>
         <subfield code="t">60 nian lai Liangzhu wen hua wen xian zi liao fen lei mu lu suo yin /</subfield>
         <subfield code="r">Chu Tun.</subfield>
      </datafield>
      <datafield tag="505" ind1="0" ind2="0">
         <subfield code="g">Section A.</subfield>
         <subfield code="t">Graves of Liangzhu culture in Straw Sandal Hill /</subfield>
         <subfield code="r">Nanjing Museum --</subfield>
         <subfield code="t">Brief report on the first and second excavations of Zhaoling Hill, Kunshan /</subfield>
         <subfield code="r">Zhaoling Archaeological Team; appendix, an appraisal report of the Remnants of the dead in the first and second excavation of Zhaoling Hill Neolithic relics, Kunshan, Jiangsu, Li Minchang --</subfield>
         <subfield code="t">Fourth and fifth excavation of Sidun relics in Wu Jin, Jiangsu /</subfield>
         <subfield code="r">Sidun Archaeological Team /</subfield>
         <subfield code="t">Jade articles of Liangzhu culture in the collection of Changzhou Museum /</subfield>
         <subfield code="r">Chen Lihua --</subfield>
         <subfield code="t">Precious jade tablet of Liangzhu culture with carvings of God with a face of animal and patterns of bird unearthed in Liyang /</subfield>
         <subfield code="r">Wan Qingqing --</subfield>
         <subfield code="t">Report on the graves of Liangzhu culture explored in Hengshan, Yuhang, Zhejiang /</subfield>
         <subfield code="r">Yuhang antiquity preservation committee /</subfield>
         <subfield code="t">Jade articles in the collection of Liangzhu culture museum /</subfield>
         <subfield code="r">Shi Shiying --</subfield>
         <subfield code="t">Excavation of Huating site in Xin Yi, Jiangsu, 1989 /</subfield>
         <subfield code="r">Nanjign Museum --</subfield>
         <subfield code="t">Discovery of Luzhuang relics /</subfield>
         <subfield code="r">Archaeological Institute of Nanming Museum, Yanchen antiquity preservation committee, Yanchen Museum --</subfield>
         <subfield code="t">Remnants of Liangzhu culture unearthed in Luzhuang, Funling, Jiangsu /</subfield>
         <subfield code="r">Jiang Shuhua --</subfield>
         <subfield code="t">Remnants of Liangzhu culture unearthed in Desheng village, Dingyuan County, Anhui /</subfield>
         <subfield code="r">Wu Rongqing --</subfield>
         <subfield code="t">Jade cong of Liangzhu culture unearthed in Jiangxi /</subfield>
         <subfield code="r">Wang Liangtian, Wan Deqiang --</subfield>
      </datafield>
      <datafield tag="505" ind1="0" ind2="0">
         <subfield code="g">Section B.</subfield>
         <subfield code="t">On the ancient culture and ancient cities and states around the Taihu Basin /</subfield>
         <subfield code="r">Su Bingqi --</subfield>
         <subfield code="t">On the dating of jade era /</subfield>
         <subfield code="r">Wu Ruzhuo, Mu Yongkang --</subfield>
         <subfield code="t">Study on the burial of Liangzhu culture /</subfield>
         <subfield code="r">Lu Jianfang --</subfield>
         <subfield code="t">Custom an analysis of the grave patterns of Liangzhu culture at Fuquan Mountain /</subfield>
         <subfield code="r">Sun Weichang --</subfield>
         <subfield code="t">Songze culture and Liangzhu culture were the ancient Wu and Yue culture /</subfield>
         <subfield code="r">Wang Wenqing --</subfield>
         <subfield code="t">Ecological study of the Liangzhu culture /</subfield>
         <subfield code="r">Zhang Zhiheng --</subfield>
         <subfield code="t">Discovery of the ancient culture and the historical process of civilization in the southeast China /</subfield>
         <subfield code="r">Yan Qun --</subfield>
         <subfield code="t">On the inner hierachy and social structure of Liangzhu culture /</subfield>
         <subfield code="r">Lin Liugen --</subfield>
         <subfield code="t">On the dating and distributing of Liangzhu culture /</subfield>
         <subfield code="r">Luan Fengshi --</subfield>
         <subfield code="t">Gujing relics of Liangzhu culture and its cultural features /</subfield>
         <subfield code="r">Zhang Zhixin --</subfield>
         <subfield code="t">Analysis of whereabouts of Liangzhu culture /</subfield>
         <subfield code="r">Zhu Guoping --</subfield>
         <subfield code="t">Environmental transformation and social development around 4000 years ago /</subfield>
         <subfield code="r">Wang Qing --</subfield>
         <subfield code="t">Natural environment of the Taihu area during the period of Liangzhu culture /</subfield>
         <subfield code="r">Wang Fubao, Li Mingchang /</subfield>
         <subfield code="t">Ancient environment around the Taihu area during the period of Liangzhu culture /</subfield>
         <subfield code="r">Chen Jie, Wu Jianmin --</subfield>
         <subfield code="t">Light of oriental civilization: an outline of Liangzhu culture /</subfield>
         <subfield code="r">Wang Zunguo /</subfield>
         <subfield code="t">Study on the carved bi of Liangzhu culture /</subfield>
         <subfield code="r">Ren Shinan --</subfield>
         <subfield code="t">Some questions in the study of jade carving of Liangzhu culture /</subfield>
         <subfield code="r">Yang Jianfang --</subfield>
         <subfield code="t">On the carving techniques of jade articles of Liangzhu culture /</subfield>
         <subfield code="r">Hayashiki Na --</subfield>
         <subfield code="t">Appraisal of jade articles of Liangzhu culture in the collection of American museum /</subfield>
         <subfield code="r">Chen Gandi --</subfield>
         <subfield code="t">From Sidun grave no. 3 to the grave of the King of South Yue state : on the transition of roles of jade articles from prehistorical times to the Han dyansty /</subfield>
         <subfield code="r">Huang Cuimei --</subfield>
      </datafield>
      <datafield tag="505" ind1="0" ind2="0">
         <subfield code="g">Section B.</subfield>
         <subfield code="t">On the relationship between Liangzhu culture and the jade articles of the Shang dynasty /</subfield>
         <subfield code="r">Sun Zhixin --</subfield>
         <subfield code="t">Jade cong and Sidun relics /</subfield>
         <subfield code="r">Che Guangjin --</subfield>
         <subfield code="t">On the craftsmanship of the jade articles of Liangzhu culture /</subfield>
         <subfield code="r">Lin Huadong --</subfield>
         <subfield code="t">Tentative study on the historical position of Liangzhu jade articles /</subfield>
         <subfield code="r">Yin Zhiqiang --</subfield>
         <subfield code="t">People, birds, beasts and cong /</subfield>
         <subfield code="r">Gu Jianxiang --</subfield>
         <subfield code="t">Some aspects about the custom of burial with jade pieces /</subfield>
         <subfield code="r">Zhu Qixin --</subfield>
         <subfield code="t">On the datings of Liangzhu jade articles /</subfield>
         <subfield code="r">Wu Rongqing --</subfield>
         <subfield code="t">Early jade culture around the Taihu Basin as on important source for the Xia culture /</subfield>
         <subfield code="r">Wen Huifeng --</subfield>
         <subfield code="t">Looking into the Liangzhu jade articles /</subfield>
         <subfield code="r">Hao Minghua --</subfield>
         <subfield code="t">Geo-archaeological study of Chinese antique jade articles /</subfield>
         <subfield code="r">Wen Guang, Jin Zhichun --</subfield>
         <subfield code="t">Appraisal report of Liangzhu jade articles unearthed from Sidun relics /</subfield>
         <subfield code="r">Zheng Jian --</subfield>
         <subfield code="t">Cultural phenomenon over 5000 years : on the connotations and transformation of patterns and images on Liangzhu jade articles /</subfield>
         <subfield code="r">Feng Qiyong --</subfield>
         <subfield code="t">Formation of Chinese aesthetic spirits in light of Liangzhu jade articles /</subfield>
         <subfield code="r">Zheng Qi --</subfield>
         <subfield code="t">Brief review on the relationship between written words and signs and carvings on Liangzhu jade articles /</subfield>
         <subfield code="r">Qian Yuzhi --</subfield>
         <subfield code="t">Aristic distortions and witchcraft incantations /</subfield>
         <subfield code="r">Wang Zheng --</subfield>
         <subfield code="t">Significance of the clan elbem of Zhaoling Hill in the history of national thinking development /</subfield>
         <subfield code="r">Dong Xinbin, Zheng Qi, Lu Jianfang --</subfield>
      </datafield>
      <datafield tag="505" ind1="0" ind2="0">
         <subfield code="g">Appendixes.</subfield>
         <subfield code="t">Sketch map of scattered sites of Liangzhu culture and articles unearthed /</subfield>
         <subfield code="r">edited by Wang Zhunguo, Drawn by Li Zhongyi /</subfield>
         <subfield code="t">Liangzhu : a preliminary report on the black pottery culture relics in the second section, Hangxian County /</subfield>
         <subfield code="r">Shi Xingen --</subfield>
         <subfield code="t">Archaeological chronicles of Liangzhu culture (1936-1996) /</subfield>
         <subfield code="r">Edited by Hao Minghua, Lu Wenbao, Wang Zunhguo --</subfield>
         <subfield code="t">Classified indexes of corpuses on Liangzhu culture in the last 60 years /</subfield>
         <subfield code="r">Chu Dun .</subfield>
      </datafield>
      <datafield tag="651" ind1=" " ind2="0">
         <subfield code="a">Jiangsu Sheng (China)</subfield>
         <subfield code="6">880-09</subfield>
         <subfield code="x">Antiquities.</subfield>
      </datafield>
      <datafield tag="651" ind1=" " ind2="0">
         <subfield code="a">Jiangsu Sheng (China)</subfield>
         <subfield code="6">880-10</subfield>
         <subfield code="x">Civilization.</subfield>
      </datafield>
      <datafield tag="650" ind1=" " ind2="0">
         <subfield code="a">Excavations (Archaeology)</subfield>
         <subfield code="z">China</subfield>
         <subfield code="z">Jiangsu Sheng.</subfield>
      </datafield>
      <datafield tag="650" ind1=" " ind2="0">
         <subfield code="a">Jade</subfield>
         <subfield code="z">China</subfield>
         <subfield code="x">History</subfield>
         <subfield code="y">To 221 B.C.</subfield>
      </datafield>
      <datafield tag="650" ind1=" " ind2="7">
         <subfield code="a">Antiquities.</subfield>
         <subfield code="2">fast</subfield>
         <subfield code="0">(OCoLC)fst00810745</subfield>
      </datafield>
      <datafield tag="650" ind1=" " ind2="7">
         <subfield code="a">Civilization.</subfield>
         <subfield code="2">fast</subfield>
         <subfield code="0">(OCoLC)fst00862898</subfield>
      </datafield>
      <datafield tag="650" ind1=" " ind2="7">
         <subfield code="a">Excavations (Archaeology)</subfield>
         <subfield code="2">fast</subfield>
         <subfield code="0">(OCoLC)fst00917564</subfield>
      </datafield>
      <datafield tag="650" ind1=" " ind2="7">
         <subfield code="a">Jade.</subfield>
         <subfield code="2">fast</subfield>
         <subfield code="0">(OCoLC)fst00981065</subfield>
      </datafield>
      <datafield tag="651" ind1=" " ind2="7">
         <subfield code="a">China.</subfield>
         <subfield code="2">fast</subfield>
         <subfield code="0">(OCoLC)fst01206073</subfield>
      </datafield>
      <datafield tag="651" ind1=" " ind2="7">
         <subfield code="a">China</subfield>
         <subfield code="z">Jiangsu Sheng.</subfield>
         <subfield code="2">fast</subfield>
         <subfield code="0">(OCoLC)fst01212175</subfield>
      </datafield>
      <datafield tag="648" ind1=" " ind2="7">
         <subfield code="a">To 221 B.C.</subfield>
         <subfield code="2">fast</subfield>
      </datafield>
      <datafield tag="655" ind1=" " ind2="7">
         <subfield code="a">History.</subfield>
         <subfield code="2">fast</subfield>
         <subfield code="0">(OCoLC)fst01411628</subfield>
      </datafield>
      <datafield tag="700" ind1="1" ind2=" ">
         <subfield code="a">Xu, Huping</subfield>
         <subfield code="6">880-11</subfield>
      </datafield>
      <datafield tag="700" ind1="1" ind2=" ">
         <subfield code="6">880-12</subfield>
         <subfield code="a">Wang, Zun'guo.</subfield>
      </datafield>
      <datafield tag="700" ind1="1" ind2=" ">
         <subfield code="6">880-13</subfield>
         <subfield code="a">Zheng, Ji.</subfield>
      </datafield>
      <datafield tag="880" ind1="0" ind2="0">
         <subfield code="6">245-01/</subfield>
         <subfield code="a">东方文明之光 :</subfield>
         <subfield code="b">良渚文化发现 60周年纪念文集, 1936-1996 = The light of oriental civilization : collected essays in commemoration of the 60th anniversary of the discovery of Liang Zhu culture /</subfield>
         <subfield code="c">主编徐湖平 ; 副主编汪遵国, 郑旗.</subfield>
      </datafield>
      <datafield tag="880" ind1="3" ind2="0">
         <subfield code="6">246-02/</subfield>
         <subfield code="a">良渚文化发现 60周年纪念文集</subfield>
      </datafield>
      <datafield tag="880" ind1=" " ind2=" ">
         <subfield code="6">250-03/</subfield>
         <subfield code="a">第1版.</subfield>
      </datafield>
      <datafield tag="880" ind1=" " ind2=" ">
         <subfield code="6">260-04/</subfield>
         <subfield code="a">海口市 :</subfield>
         <subfield code="b">海南国际新闻出版中心,</subfield>
         <subfield code="c">1996.</subfield>
      </datafield>
      <datafield tag="880" ind1="0" ind2="0">
         <subfield code="6">505-05/</subfield>
         <subfield code="g">甲编.</subfield>
         <subfield code="t">苏州草鞋山良渚文化墓葬 /</subfield>
         <subfield code="r">南京博物院 --</subfield>
         <subfield code="t">江苏昆山赵陵山遗址第一, 二次发掘简报, 附江苏昆山赵陵山新石器时代遗址第一, 二次发掘墓葬人骨鉴定报告 /</subfield>
         <subfield code="r">江苏省赵陵山考古队 --</subfield>
         <subfield code="t">江苏武进寺墩遗址第四, 第五次发掘 /</subfield>
         <subfield code="r">江苏省寺墩考古队 --</subfield>
         <subfield code="t">常州市博物馆收藏的良渚文化玉器 /</subfield>
         <subfield code="r">陈丽华 --</subfield>
         <subfield code="t">溧阳出土的良渚文化玉器珍品神人兽面鸟纹圭 /</subfield>
         <subfield code="r">汪清清 --</subfield>
         <subfield code="t">浙江余杭横山良渚文化墓葬清理简报 /</subfield>
         <subfield code="r">浙江省余杭市文管会 --</subfield>
         <subfield code="t">良渚文化博物馆收藏的几件玉器 /</subfield>
         <subfield code="r">施时英 --</subfield>
         <subfield code="t">1989年江苏新沂花厅遗址的发掘 /</subfield>
         <subfield code="r">南京博物院 --</subfield>
         <subfield code="t">江苏阜宁陆庄遗址 /</subfield>
         <subfield code="r">南京博物院考古研究所, 盐城市文管会, 盐城市博物馆 --</subfield>
         <subfield code="t">江苏阜宁陆庄出土的良渚文化遗物 /</subfield>
         <subfield code="r">蒋素华 --</subfield>
         <subfield code="t">安徽省定远县德胜村出土良渚文化遗物 /</subfield>
         <subfield code="r">吴荣清 --</subfield>
         <subfield code="t">江西出土的良渚文化型玉琮 /</subfield>
         <subfield code="r">万良田, 万德强</subfield>
      </datafield>
      <datafield tag="880" ind1="0" ind2="0">
         <subfield code="6">505-06/</subfield>
         <subfield code="g">乙编.</subfield>
         <subfield code="t">论太湖流域古文化古城古国 /</subfield>
         <subfield code="r">苏秉琦 --</subfield>
         <subfield code="t">玉器时代说 /</subfield>
         <subfield code="r">吴汝祚, 牟永杭 --</subfield>
         <subfield code="t">良渚文化墓葬研究 /</subfield>
         <subfield code="r">陆建方 --</subfield>
         <subfield code="t">福泉山良渚文化墓地论析 /</subfield>
         <subfield code="r">孙维昌 --</subfield>
         <subfield code="t">崧泽文化良渚文化是吴越先人文化 /</subfield>
         <subfield code="r">王文清 --</subfield>
         <subfield code="t">良渚文化聚落群研究 /</subfield>
         <subfield code="r">张之恒 --</subfield>
         <subfield code="t">东南远古文化的发现与文明的历史进程 /</subfield>
         <subfield code="r">杨群 --</subfield>
         <subfield code="t">试论良渚文化的内部分册与社会结构 /</subfield>
         <subfield code="r">林留根 --</subfield>
         <subfield code="t">良渚文化的分期与分区 /</subfield>
         <subfield code="r">栾丰实 --</subfield>
         <subfield code="t">良渚古井遗存及其文化特色 /</subfield>
         <subfield code="r">张志新 --</subfield>
         <subfield code="t">良渚文化取向分析 /</subfield>
         <subfield code="r">朱国平 --</subfield>
         <subfield code="t">距今4000年前后的环境变迁与社会发展 /</subfield>
         <subfield code="r">王青 --</subfield>
         <subfield code="t">太湖流域良渚文化时期的自然环境 /</subfield>
         <subfield code="r">王富葆, 李民昌等 --</subfield>
         <subfield code="t">太湖地区良渚文化时期的古环境 /</subfield>
         <subfield code="r">陈杰, 吴建民 --</subfield>
         <subfield code="t">中国文明的黎明时代关于良渚文化的提纲 /</subfield>
         <subfield code="r">汪遵国 --</subfield>
         <subfield code="t">良渚文化图像玉璧的探讨 /</subfield>
         <subfield code="r">任式楠 --</subfield>
         <subfield code="t">良渚文化玉雕研究的几个问题 /</subfield>
         <subfield code="r">杨建芳</subfield>
      </datafield>
      <datafield tag="880" ind1="0" ind2="0">
         <subfield code="6">505-07/</subfield>
         <subfield code="g">乙编.</subfield>
         <subfield code="t">良渚文化玉器纹饰的雕刻技术 /</subfield>
         <subfield code="r">林巳奈夫 --</subfield>
         <subfield code="t">鉴赏美国收藏的良渚文化玉器 /</subfield>
         <subfield code="r">陈甘棣 --</subfield>
         <subfield code="t">从寺墩三号墓到南越王墓论史前到汉代玉器角色的转变 /</subfield>
         <subfield code="r">黄翠梅 --</subfield>
         <subfield code="t">略论良渚玉器与商代玉器的关系 /</subfield>
         <subfield code="r">孙志新 --</subfield>
         <subfield code="t">玉琮与寺墩遗址 /</subfield>
         <subfield code="r">车广锦 --</subfield>
         <subfield code="t">论良渚玉器的制作工艺 /</subfield>
         <subfield code="r">林华东 --</subfield>
         <subfield code="t">试论良渚文化玉器的历史地位 /</subfield>
         <subfield code="r">殷志强 --</subfield>
         <subfield code="t">人鸟兽与琮 /</subfield>
         <subfield code="r">谷建翔 --</subfield>
         <subfield code="t">玉敛葬氏散论 /</subfield>
         <subfield code="r">朱启新 --</subfield>
         <subfield code="t">良渚文化玉器分期 /</subfield>
         <subfield code="r">吴荣清 --</subfield>
         <subfield code="t">太湖地区早期玉文化系夏文化的重要渊源 /</subfield>
         <subfield code="r">闻惠芬 --</subfield>
         <subfield code="t">良渚文化玉器探析 /</subfield>
         <subfield code="r">郝明华 --</subfield>
         <subfield code="t">中国古玉地质考古学研究 /</subfield>
         <subfield code="r">闻广, 荆志淳 --</subfield>
         <subfield code="t">寺墩遗址出土良渚文化玉器鉴定报告 /</subfield>
         <subfield code="r">郑建 --</subfield>
         <subfield code="t">一个持续五千年的文化现象：良渚玉器上神人兽面图形的内涵及其衍变 /</subfield>
         <subfield code="r">冯其庸 --</subfield>
         <subfield code="t">从良渚文化玉器看中国美学精神之形成 /</subfield>
         <subfield code="r">郑旗 --</subfield>
         <subfield code="t">良渚文化的刻划符号及文字初论 /</subfield>
         <subfield code="r">钱玉趾 --</subfield>
         <subfield code="t">艺术拆半与巫术象征 /</subfield>
         <subfield code="r">王政 --</subfield>
         <subfield code="t">赵陵山族徽在民族思维发展史上的重要意义 /</subfield>
         <subfield code="r">董欣宾, 郑旗, 陆建方</subfield>
      </datafield>
      <datafield tag="880" ind1="0" ind2="0">
         <subfield code="6">505-08/</subfield>
         <subfield code="g">附编.</subfield>
         <subfield code="t">良渚文化出土玉器地点分布图 /</subfield>
         <subfield code="r">汪遵国编, 黎忠义绘 --</subfield>
         <subfield code="t">良渚：杭县第二区黑陶文化遗址初步报告摘要 /</subfield>
         <subfield code="r">施昕更 --</subfield>
         <subfield code="t">良渚文化考古记事1936-1966 /</subfield>
         <subfield code="r">郝明华, 陆文宝, 汪遵国辑编 --</subfield>
         <subfield code="t">60年来良渚文化文献资料分类目录索引 /</subfield>
         <subfield code="r">初暾.</subfield>
      </datafield>
      <datafield tag="880" ind1=" " ind2="4">
         <subfield code="6">651-09/</subfield>
         <subfield code="a">江苏省 (China)</subfield>
         <subfield code="x">Antiguities.</subfield>
      </datafield>
      <datafield tag="880" ind1=" " ind2="4">
         <subfield code="6">651-10/</subfield>
         <subfield code="a">江苏省 (China)</subfield>
         <subfield code="x">Civilization.</subfield>
      </datafield>
      <datafield tag="880" ind1="1" ind2=" ">
         <subfield code="6">700-11/</subfield>
         <subfield code="a">徐湖平.</subfield>
      </datafield>
      <datafield tag="880" ind1="1" ind2=" ">
         <subfield code="6">700-12/</subfield>
         <subfield code="a">汪遵国.</subfield>
      </datafield>
      <datafield tag="880" ind1="1" ind2=" ">
         <subfield code="6">700-13/</subfield>
         <subfield code="a">郑旗.</subfield>
      </datafield>
      <datafield tag="994" ind1=" " ind2=" ">
         <subfield code="a">Z0</subfield>
         <subfield code="b">ZYU</subfield>
      </datafield>
      <datafield tag="OWN" ind1=" " ind2=" ">
         <subfield code="a">GENERAL</subfield>
      </datafield>
      <datafield tag="AVA" ind1=" " ind2=" ">
         <subfield code="a">NYU50</subfield>
         <subfield code="b">NISAW</subfield>
         <subfield code="c">Small Collection</subfield>
         <subfield code="d">GN776.2.L52 T75 1996</subfield>
         <subfield code="e">available</subfield>
         <subfield code="t">Available</subfield>
         <subfield code="f">1</subfield>
         <subfield code="g">0</subfield>
         <subfield code="h">N</subfield>
         <subfield code="i">0</subfield>
         <subfield code="j">SMALL</subfield>
         <subfield code="k">0</subfield>
      </datafield>
      <marc:datafield tag="852" ind1=" " ind2=" ">
         <marc:subfield code="b">Institute for the Study of the Ancient World, </marc:subfield>
         <marc:subfield code="c">Small Collection</marc:subfield>
         <marc:subfield code="e">15 East 84th St., </marc:subfield>
         <marc:subfield code="e">New York, NY  10028</marc:subfield>
      </marc:datafield>
   </record>