
  
  
  
  
  
  
 
  
  <record xsi:schemaLocation="http://www.loc.gov/MARC21/slim http://www.loc.gov/standards/marcxml/schema/MARC21slim.xsd">
      <leader>00000cam  22005174a 4500</leader>
      <controlfield tag="FMT">BK</controlfield>
      <controlfield tag="LDR">00000cam  22005174a 4500</controlfield>
      <controlfield tag="001">004083847</controlfield>
      <controlfield tag="003">OCoLC</controlfield>
      <controlfield tag="005">20141218165126.0</controlfield>
      <controlfield tag="008">141218s2004    cc a     b    000 0 chi</controlfield>
      <datafield tag="010" ind1=" " ind2=" ">
         <subfield code="a">2006551406</subfield>
      </datafield>
      <datafield tag="020" ind1=" " ind2=" ">
         <subfield code="a">7806728295</subfield>
      </datafield>
      <datafield tag="020" ind1=" " ind2=" ">
         <subfield code="a">9787806728291</subfield>
      </datafield>
      <datafield tag="035" ind1=" " ind2=" ">
         <subfield code="a">(OCoLC)62550486</subfield>
      </datafield>
      <datafield tag="040" ind1=" " ind2=" ">
         <subfield code="a">DLC-R</subfield>
         <subfield code="b">eng</subfield>
         <subfield code="c">DLC</subfield>
         <subfield code="d">CPV</subfield>
         <subfield code="d">PIT</subfield>
         <subfield code="d">NNU</subfield>
      </datafield>
      <datafield tag="042" ind1=" " ind2=" ">
         <subfield code="a">pcc</subfield>
      </datafield>
      <datafield tag="043" ind1=" " ind2=" ">
         <subfield code="a">a-ccg--</subfield>
      </datafield>
      <datafield tag="050" ind1="0" ind2="0">
         <subfield code="a">DS793.Y3</subfield>
         <subfield code="b">C488 2004</subfield>
      </datafield>
      <datafield tag="066" ind1=" " ind2=" ">
         <subfield code="c">$1</subfield>
      </datafield>
      <datafield tag="111" ind1="2" ind2=" ">
         <subfield code="a">Chang Jiang xia you di qu wen ming hua jin cheng xue shu yan tao hui</subfield>
         <subfield code="d">(2002 :</subfield>
         <subfield code="c">Shanghai bo wu guan)</subfield>
         <subfield code="6">880-01</subfield>
      </datafield>
      <datafield tag="245" ind1="1" ind2="0">
         <subfield code="6">880-02</subfield>
         <subfield code="a">Chang Jiang xia you di qu wen ming hua jin cheng xue shu yan tao hui lun wen ji /</subfield>
         <subfield code="c">Shanghai bo wu guan bian.</subfield>
      </datafield>
      <datafield tag="246" ind1="1" ind2="4">
         <subfield code="a">Symposium on the civilization course of the lower reach region of the Yangtze River</subfield>
      </datafield>
      <datafield tag="250" ind1=" " ind2=" ">
         <subfield code="6">880-03</subfield>
         <subfield code="a">Di 1 ban.</subfield>
      </datafield>
      <datafield tag="260" ind1=" " ind2=" ">
         <subfield code="6">880-04</subfield>
         <subfield code="a">Shanghai Shi :</subfield>
         <subfield code="b">Shanghai shu hua chu ban she,</subfield>
         <subfield code="c">2004.</subfield>
      </datafield>
      <datafield tag="300" ind1=" " ind2=" ">
         <subfield code="a">4, 253 p. :</subfield>
         <subfield code="b">ill. ;</subfield>
         <subfield code="c">27 cm.</subfield>
      </datafield>
      <datafield tag="504" ind1=" " ind2=" ">
         <subfield code="a">Includes bibliographical references.</subfield>
      </datafield>
      <datafield tag="500" ind1=" " ind2=" ">
         <subfield code="6">880-05</subfield>
         <subfield code="a">Lun wen ji hui bian zi Shanghai bo wu guan yu Zhongguo she hui ke xue yuan kao gu yan jius suo yue 2002 nian 7 yue 23 ri zhi 25 ri zai Shanghai bo wu guan lian he ju ban de "Chang Jiang xia you di qu wen ming hua jin cheng xue shu yan tao hui" yu hui lun wen.</subfield>
      </datafield>
      <datafield tag="505" ind1="0" ind2="0">
         <subfield code="6">880-06</subfield>
         <subfield code="a">Guan yu Zhongguo wen ming qi yuan he xing cheng de ji ge wen ti /</subfield>
         <subfield code="r">Luan Fengshi --</subfield>
         <subfield code="t">Guan yu Chang Jiang xia you di qu wen ming jin hua ji ncheng yan jiu de ji dian yi jian /</subfield>
         <subfield code="r">Wang Wei --</subfield>
         <subfield code="t">Chang Jiang xia you di qu wen ming qi yuan kao gu xue yan jiu de hui gu yu si kao /</subfield>
         <subfield code="r">Mou Yongkang --</subfield>
         <subfield code="t">Dui Chang Jiang xia you di qu wen ming jin hua jin cheng de ji dian si kao /</subfield>
         <subfield code="r">Jiang Weidong --</subfield>
         <subfield code="t">Chang Jiang xi you di qu wen ming hua jin cheng san lun /</subfield>
         <subfield code="r">Shuo Zhi --</subfield>
         <subfield code="t">Wen ming tan yuan de kao gu xue shi ye /</subfield>
         <subfield code="r">Chen Chun --</subfield>
         <subfield code="t">Wen ming hua jin cheng zhong de huan jing zuo yong：yi Chang Jiang sao jiao zhou wei li /</subfield>
         <subfield code="r">Chen Jie --</subfield>
         <subfield code="t">Tai Hu ji Hangzhou wan di qu yuan shi dao zuo nong ye de fa zhan ji qi dui wen ming qi yuan de zuo yong /</subfield>
         <subfield code="r">Zhu Naicheng --</subfield>
         <subfield code="t">Shi qian wen hua ge ju zhong de Liangzhu wen hua /</subfield>
         <subfield code="r">Zhao Hui --</subfield>
         <subfield code="t">Kao gu di li xue guan cha：Chang Jiang xi you shi qian ju luo /</subfield>
         <subfield code="r">Gao Menghe, Feng Xiaoni, Sun Lin --</subfield>
         <subfield code="t">Liangzhu yi zhi qun ju luo kao gu yan jiu wen ti de si kao /</subfield>
         <subfield code="r">Rui Guoyao --</subfield>
         <subfield code="t">Liangzhu wen hu ju zhu zhi yu ju luo /</subfield>
         <subfield code="r">Ding Jinlong</subfield>
      </datafield>
      <datafield tag="505" ind1="0" ind2="0">
         <subfield code="6">880-07</subfield>
         <subfield code="t">Fuquanshan Liangzhu wen hu mu di de jia zu yu nu lu ji xiang /</subfield>
         <subfield code="r">Huang Yipei --</subfield>
         <subfield code="t">Guangfulin yi zhi Liangzhu wenhu mu di yan jiu /</subfield>
         <subfield code="r">Zhou Lijuan --</subfield>
         <subfield code="t">Liangzhu wen hua yu qi fa xian yu yan jiu de li cheng ji xiang guan wen ti de si kao /</subfield>
         <subfield code="r">Liu Bin --</subfield>
         <subfield code="t">Liangzhu wen hua cong, yue, bi deng yu qi de gong neng chuan bo yi ji shuai luo weg ti de tan tao /</subfield>
         <subfield code="r">Wu Ruzuo --</subfield>
         <subfield code="t">Haochuan wen hua de ji ge wen ti /</subfield>
         <subfield code="r">Wang Haiming --</subfield>
         <subfield code="t">Yu chi si de "Shen qi“ he Liangzhu wen hu de ”Shen hui“ /</subfield>
         <subfield code="r">Wu Yaoli --</subfield>
         <subfield code="t">Guan yu Chang Jiang xia you di qu de zao qi wen zi /</subfield>
         <subfield code="r">Zhang Minghua --</subfield>
         <subfield code="t">Liangzhu wen hua de qu xiang：dang qian Liangzhu wen hu yan jiu de yi dian si kao /</subfield>
         <subfield code="r">Wang Mingda --</subfield>
         <subfield code="t">Cong Guangfulin yi cun kan huan Tai Hu di qu zao qi wen ming de shuai bian /</subfield>
         <subfield code="r">Song Jian --</subfield>
         <subfield code="t">Jianghuai Diqu shi qian wen ming jin cheng de chu tan /</subfield>
         <subfield code="r">Yang Lixin --</subfield>
         <subfield code="t">Tai Hu xi bu luo tuo wen hua yi cun de chu bu ren shi /</subfield>
         <subfield code="r">Lin Liugen.</subfield>
      </datafield>
      <datafield tag="650" ind1=" " ind2="0">
         <subfield code="a">Yangtze River Region (China)</subfield>
         <subfield code="x">Civilization</subfield>
         <subfield code="v">Congresses.</subfield>
      </datafield>
      <datafield tag="650" ind1=" " ind2="0">
         <subfield code="a">Yangtze River Region (China)</subfield>
         <subfield code="x">History</subfield>
         <subfield code="v">Congresses.</subfield>
      </datafield>
      <datafield tag="650" ind1=" " ind2="0">
         <subfield code="a">Yangtze River Region (China)</subfield>
         <subfield code="x">Antiquities</subfield>
         <subfield code="v">Congresses.</subfield>
      </datafield>
      <datafield tag="710" ind1="2" ind2=" ">
         <subfield code="6">880-08</subfield>
         <subfield code="a">Shanghai bo wu guan.</subfield>
      </datafield>
      <datafield tag="880" ind1="2" ind2=" ">
         <subfield code="6">111-01/</subfield>
         <subfield code="a">长江下游地区文明化进程学术研讨会论文集</subfield>
         <subfield code="d">(2002 :</subfield>
         <subfield code="c">Shanghai bo wu guan)</subfield>
      </datafield>
      <datafield tag="880" ind1="1" ind2="0">
         <subfield code="6">245-02/</subfield>
         <subfield code="a">长江下游地区文明化进程学术研讨会论文集 /</subfield>
         <subfield code="c">上海博物馆编.</subfield>
      </datafield>
      <datafield tag="880" ind1=" " ind2=" ">
         <subfield code="6">250-03/</subfield>
         <subfield code="a">第1版.</subfield>
      </datafield>
      <datafield tag="880" ind1=" " ind2=" ">
         <subfield code="6">260-04/</subfield>
         <subfield code="a">上海市 :</subfield>
         <subfield code="b">上海书画出版社,</subfield>
         <subfield code="c">2004.</subfield>
      </datafield>
      <datafield tag="880" ind1=" " ind2=" ">
         <subfield code="6">500-05/</subfield>
         <subfield code="a">论文集汇编自上海博物馆与中国社会科学院考古研究所于 2002 年 7 月 23 日至 25 日在上海博物馆联合举办的"长江下游地区文明化进程学术研讨会"与会论文.</subfield>
      </datafield>
      <datafield tag="880" ind1="0" ind2="0">
         <subfield code="6">505-06/</subfield>
         <subfield code="a">关于中国文明起源和形成的几个问题 /</subfield>
         <subfield code="r">栾丰实 --</subfield>
         <subfield code="t">关于长江下游地区文明进化进程研究的几点意见 /</subfield>
         <subfield code="r">王巍 --</subfield>
         <subfield code="t">长江下游地区文明起源考古学研究的回顾与思考 /</subfield>
         <subfield code="r">牟永抗 --</subfield>
         <subfield code="t">对长江下游地区文明进化进程的几点思考 /</subfield>
         <subfield code="r">蒋卫东 --</subfield>
         <subfield code="t">长江下游地区文明化进程散论 /</subfield>
         <subfield code="r">朔知 --</subfield>
         <subfield code="t">文明探源的考古学视野 /</subfield>
         <subfield code="r">陈淳 --</subfield>
         <subfield code="t">文明化进程中的环境作用：以长江三角洲为例 /</subfield>
         <subfield code="r">陈杰 --</subfield>
         <subfield code="t">太湖及杭州湾地区原始稻作农业的发展及其对文明起源的作用 /</subfield>
         <subfield code="r">朱乃诚 --</subfield>
         <subfield code="t">史前文化格局中的良渚文化 /</subfield>
         <subfield code="r">赵辉 --</subfield>
         <subfield code="t">考古地理学观察：长江下游史前聚落 /</subfield>
         <subfield code="r">高蒙河, 冯小妮, 孙林 --</subfield>
         <subfield code="t">良渚遗址群聚落考古研究问题的思考 /</subfield>
         <subfield code="r">芮国耀 --</subfield>
         <subfield code="t">良渚文化居住址与聚落 /</subfield>
         <subfield code="r">丁金龙</subfield>
      </datafield>
      <datafield tag="880" ind1="0" ind2="0">
         <subfield code="6">505-07/</subfield>
         <subfield code="t">福泉山良渚文化墓地的家族与奴隶迹象 /</subfield>
         <subfield code="r">黄宜佩 --</subfield>
         <subfield code="t">广富林遗址良渚文化墓地研究 /</subfield>
         <subfield code="r">周丽娟 --</subfield>
         <subfield code="t">良渚文化玉器发现与研究的历程及相关问题的思考 /</subfield>
         <subfield code="r">刘斌 --</subfield>
         <subfield code="t">良渚文化琮钺璧等玉器的功能传播以及衰落问题的探讨 /</subfield>
         <subfield code="r">吴汝祚 --</subfield>
         <subfield code="t">好川文化的几个问题 /</subfield>
         <subfield code="r">王海明 -</subfield>
         <subfield code="t">尉迟寺的"神器“ 和良渚文化的”神徽“ /</subfield>
         <subfield code="r">吴耀利 --</subfield>
         <subfield code="t">关于长江下游地区的早期文字 /</subfield>
         <subfield code="r">张明华 --</subfield>
         <subfield code="t">良渚文化的去向：当前良渚文化研究的一点思考 /</subfield>
         <subfield code="r">王明达 --</subfield>
         <subfield code="t">从广富林遗存看环太湖地区早期文明的衰变 /</subfield>
         <subfield code="r">宋建 --</subfield>
         <subfield code="t">江淮地区史前文明进程的初探 /</subfield>
         <subfield code="r">杨立新 --</subfield>
         <subfield code="t">太湖西部骆驼文化遗存的初步认识 /</subfield>
         <subfield code="r">林留根.</subfield>
      </datafield>
      <datafield tag="880" ind1="2" ind2=" ">
         <subfield code="6">710-08/</subfield>
         <subfield code="a">上海博物館.</subfield>
      </datafield>
      <datafield tag="994" ind1=" " ind2=" ">
         <subfield code="a">Z0</subfield>
         <subfield code="b">ZYU</subfield>
      </datafield>
      <datafield tag="OWN" ind1=" " ind2=" ">
         <subfield code="a">GENERAL</subfield>
      </datafield>
      <datafield tag="AVA" ind1=" " ind2=" ">
         <subfield code="a">NYU50</subfield>
         <subfield code="b">NISAW</subfield>
         <subfield code="c">Small Collection</subfield>
         <subfield code="d">DS793.Y3 C488 2004</subfield>
         <subfield code="e">available</subfield>
         <subfield code="t">Available</subfield>
         <subfield code="f">1</subfield>
         <subfield code="g">0</subfield>
         <subfield code="h">N</subfield>
         <subfield code="i">0</subfield>
         <subfield code="j">SMALL</subfield>
         <subfield code="k">0</subfield>
      </datafield>
      <marc:datafield tag="852" ind1=" " ind2=" ">
         <marc:subfield code="b">Institute for the Study of the Ancient World, </marc:subfield>
         <marc:subfield code="c">Small Collection</marc:subfield>
         <marc:subfield code="e">15 East 84th St., </marc:subfield>
         <marc:subfield code="e">New York, NY  10028</marc:subfield>
      </marc:datafield>
   </record>