
  
  
  
  
  
  
  
  
 
  
  <record xsi:schemaLocation="http://www.loc.gov/MARC21/slim http://www.loc.gov/standards/marcxml/schema/MARC21slim.xsd">
      <leader>00000cam  2200301 a 4500</leader>
      <controlfield tag="FMT">BK</controlfield>
      <controlfield tag="LDR">00000cam  2200301 a 4500</controlfield>
      <controlfield tag="001">003710607</controlfield>
      <controlfield tag="003">OCoLC</controlfield>
      <controlfield tag="005">20141218113746.0</controlfield>
      <controlfield tag="008">130222s2012    be af    bc   000 0 eng d</controlfield>
      <datafield tag="020" ind1=" " ind2=" ">
         <subfield code="a">9789490693640</subfield>
      </datafield>
      <datafield tag="020" ind1=" " ind2=" ">
         <subfield code="a">9490693642</subfield>
      </datafield>
      <datafield tag="035" ind1=" " ind2=" ">
         <subfield code="a">(OCoLC)828204217</subfield>
      </datafield>
      <datafield tag="040" ind1=" " ind2=" ">
         <subfield code="a">UPM</subfield>
         <subfield code="b">eng</subfield>
         <subfield code="c">UPM</subfield>
         <subfield code="d">NNU</subfield>
      </datafield>
      <datafield tag="043" ind1=" " ind2=" ">
         <subfield code="a">e-gr---</subfield>
         <subfield code="a">mm-----</subfield>
         <subfield code="a">aw-----</subfield>
      </datafield>
      <datafield tag="050" ind1=" " ind2="4">
         <subfield code="a">CJ211</subfield>
         <subfield code="b">2012</subfield>
      </datafield>
      <datafield tag="245" ind1="0" ind2="0">
         <subfield code="a">Words and coins :</subfield>
         <subfield code="b">from ancient Greece to Byzantium /</subfield>
         <subfield code="c">[catalogue edited by Vasiliki Penna ; essays by Charles Méla ... et al.]</subfield>
      </datafield>
      <datafield tag="260" ind1=" " ind2=" ">
         <subfield code="a">Gent, Belgium :</subfield>
         <subfield code="b">MER Paper Kunsthalle,</subfield>
         <subfield code="c">2012.</subfield>
      </datafield>
      <datafield tag="300" ind1=" " ind2=" ">
         <subfield code="a">l, [86] plates, 136 p. :</subfield>
         <subfield code="b">ill. (some col.) ;</subfield>
         <subfield code="c">28 cm.</subfield>
      </datafield>
      <datafield tag="500" ind1=" " ind2=" ">
         <subfield code="a">"24.11.2012 - 17.03.2013, an exhibition organized by the Fondation Martin Bodmer in collaboration with the Benaki Museum, Athens"--T.p. verso.</subfield>
      </datafield>
      <datafield tag="504" ind1=" " ind2=" ">
         <subfield code="a">Includes bibliographical references.</subfield>
      </datafield>
      <datafield tag="505" ind1="0" ind2="0">
         <subfield code="t">Catalogue of exhibits --</subfield>
         <subfield code="t">Plates --</subfield>
         <subfield code="t">One silver dollar, changing hands, changing hearts, changing lives /</subfield>
         <subfield code="r">Méla, Charles --</subfield>
         <subfield code="t">Words and coins : from ancient Greece to Byzantium /</subfield>
         <subfield code="r">Delivorrias, Angelos --</subfield>
         <subfield code="t">Words and coins /</subfield>
         <subfield code="r">Dimitrakopoulos, Manos --</subfield>
         <subfield code="t">Proœmium : Coins and words : Perception and metaphor /</subfield>
         <subfield code="r">Penna, Vasiliki --</subfield>
         <subfield code="t">Words and money /</subfield>
         <subfield code="r">Messerli, Sylviane --</subfield>
         <subfield code="t">Writing and coining : Egality, legality? /</subfield>
         <subfield code="r">Hurst, André --</subfield>
         <subfield code="t">Glimpses of the past : coin issues of illustrious men /</subfield>
         <subfield code="r">Penna, Vasiliki --</subfield>
         <subfield code="t">Perception of ancient myths : narratives and representations /</subfield>
         <subfield code="r">Kagan, Ute Wartenberg --</subfield>
         <subfield code="t">Reflections of the earth and the cosmos on ancient and medieval coins /</subfield>
         <subfield code="r">Stoyas, Yannis --</subfield>
         <subfield code="t">Coinage and the writing of ancient Greek history /</subfield>
         <subfield code="r">Meadows, Andrew --</subfield>
         <subfield code="t">Fabulous wealth of the Hellenistic kings : Coinage and Weltmachtpolitik /</subfield>
         <subfield code="r">de Callataÿ, François --</subfield>
         <subfield code="t">Writing and imprinting the history of the Roman world /</subfield>
         <subfield code="r">Papageorgiadou-Banis, Charikleia --</subfield>
         <subfield code="t">Images of the sacred or holy in Byzantium /</subfield>
         <subfield code="r">Kalavrezou, Ioli --</subfield>
         <subfield code="t">Kharaktēr : the history of Byzantium and beyond in words and images /</subfield>
         <subfield code="r">Morrisson, Cécile.</subfield>
      </datafield>
      <datafield tag="650" ind1=" " ind2="0">
         <subfield code="a">Coins, Ancient</subfield>
         <subfield code="v">Exhibitions.</subfield>
      </datafield>
      <datafield tag="650" ind1=" " ind2="0">
         <subfield code="a">Rare books</subfield>
         <subfield code="v">Exhibitions.</subfield>
      </datafield>
      <datafield tag="650" ind1=" " ind2="0">
         <subfield code="a">Coinage</subfield>
         <subfield code="z">Greece</subfield>
         <subfield code="x">History.</subfield>
      </datafield>
      <datafield tag="650" ind1=" " ind2="0">
         <subfield code="a">Coins, Greek</subfield>
         <subfield code="x">History.</subfield>
      </datafield>
      <datafield tag="650" ind1=" " ind2="0">
         <subfield code="a">Manuscripts</subfield>
         <subfield code="x">Exhibitions</subfield>
         <subfield code="v">Exhibitions.</subfield>
      </datafield>
      <datafield tag="700" ind1="1" ind2=" ">
         <subfield code="a">Penna, Vasō.</subfield>
      </datafield>
      <datafield tag="700" ind1="1" ind2=" ">
         <subfield code="a">Méla, Charles,</subfield>
         <subfield code="d">1942-</subfield>
      </datafield>
      <datafield tag="710" ind1="2" ind2=" ">
         <subfield code="a">Fondation Martin Bodmer.</subfield>
      </datafield>
      <datafield tag="710" ind1="2" ind2=" ">
         <subfield code="a">Mouseio Benakē.</subfield>
      </datafield>
      <datafield tag="OWN" ind1=" " ind2=" ">
         <subfield code="a">GENERAL</subfield>
      </datafield>
      <datafield tag="AVA" ind1=" " ind2=" ">
         <subfield code="a">NYU50</subfield>
         <subfield code="b">NIFA</subfield>
         <subfield code="c">Main Collection</subfield>
         <subfield code="d">CJ211 2012 Non-circulating</subfield>
         <subfield code="e">available</subfield>
         <subfield code="t">Available</subfield>
         <subfield code="f">1</subfield>
         <subfield code="g">0</subfield>
         <subfield code="h">N</subfield>
         <subfield code="i">0</subfield>
         <subfield code="j">MAIN</subfield>
         <subfield code="k">0</subfield>
      </datafield>
      <datafield tag="AVA" ind1=" " ind2=" ">
         <subfield code="a">NYU50</subfield>
         <subfield code="b">NISAW</subfield>
         <subfield code="c">Large Collection</subfield>
         <subfield code="d">CJ211 2012</subfield>
         <subfield code="e">available</subfield>
         <subfield code="t">Available</subfield>
         <subfield code="f">1</subfield>
         <subfield code="g">0</subfield>
         <subfield code="h">N</subfield>
         <subfield code="i">0</subfield>
         <subfield code="j">LARGE</subfield>
         <subfield code="k">0</subfield>
      </datafield>
      <marc:datafield tag="852" ind1=" " ind2=" ">
         <marc:subfield code="b">Institute for the Study of the Ancient World, </marc:subfield>
         <marc:subfield code="c">Large Collection</marc:subfield>
         <marc:subfield code="e">15 East 84th St., </marc:subfield>
         <marc:subfield code="e">New York, NY  10028</marc:subfield>
      </marc:datafield>
   </record>