
  
  
  
  
  
 
  
  <record xsi:schemaLocation="http://www.loc.gov/MARC21/slim http://www.loc.gov/standards/marcxml/schema/MARC21slim.xsd">
      <leader>00000cam  2200949 a 4500</leader>
      <controlfield tag="FMT">BK</controlfield>
      <controlfield tag="LDR">00000cam  2200949 a 4500</controlfield>
      <controlfield tag="001">004084113</controlfield>
      <controlfield tag="003">OCoLC</controlfield>
      <controlfield tag="005">20141219111452.0</controlfield>
      <controlfield tag="008">141219s2004    it a     b    011 0 ger c</controlfield>
      <datafield tag="020" ind1=" " ind2=" ">
         <subfield code="a">8874680252</subfield>
      </datafield>
      <datafield tag="020" ind1=" " ind2=" ">
         <subfield code="a">9788874680252</subfield>
      </datafield>
      <datafield tag="035" ind1=" " ind2=" ">
         <subfield code="a">(OCoLC)56385662</subfield>
         <subfield code="z">(OCoLC)56022685</subfield>
         <subfield code="z">(OCoLC)793692617</subfield>
      </datafield>
      <datafield tag="040" ind1=" " ind2=" ">
         <subfield code="a">PUL</subfield>
         <subfield code="b">eng</subfield>
         <subfield code="c">PUL</subfield>
         <subfield code="d">C3L</subfield>
         <subfield code="d">NLGGC</subfield>
         <subfield code="d">LVB</subfield>
         <subfield code="d">HEBIS</subfield>
         <subfield code="d">IL4J6</subfield>
         <subfield code="d">OCLCQ</subfield>
         <subfield code="d">UBY</subfield>
         <subfield code="d">OCLCF</subfield>
         <subfield code="d">OCLCO</subfield>
         <subfield code="d">NNU</subfield>
      </datafield>
      <datafield tag="041" ind1="0" ind2=" ">
         <subfield code="a">ger</subfield>
         <subfield code="a">ita</subfield>
         <subfield code="a">eng</subfield>
         <subfield code="a">fre</subfield>
         <subfield code="a">grc</subfield>
      </datafield>
      <datafield tag="042" ind1=" " ind2=" ">
         <subfield code="a">pcc</subfield>
      </datafield>
      <datafield tag="043" ind1=" " ind2=" ">
         <subfield code="a">e-gr---</subfield>
      </datafield>
      <datafield tag="045" ind1=" " ind2=" ">
         <subfield code="a">d4i-</subfield>
      </datafield>
      <datafield tag="050" ind1=" " ind2="4">
         <subfield code="a">PA3339</subfield>
         <subfield code="b">.G43 2004</subfield>
      </datafield>
      <datafield tag="082" ind1="1" ind2="4">
         <subfield code="a">880</subfield>
         <subfield code="2">12</subfield>
      </datafield>
      <datafield tag="084" ind1=" " ind2=" ">
         <subfield code="a">10.10</subfield>
         <subfield code="2">bcl</subfield>
      </datafield>
      <datafield tag="084" ind1=" " ind2=" ">
         <subfield code="a">15.51</subfield>
         <subfield code="2">bcl</subfield>
      </datafield>
      <datafield tag="084" ind1=" " ind2=" ">
         <subfield code="a">15.28</subfield>
         <subfield code="2">bcl</subfield>
      </datafield>
      <datafield tag="245" ind1="0" ind2="0">
         <subfield code="a">Gedenkschrift Ulrike Horak (P. Horak) /</subfield>
         <subfield code="c">[herausgegeben von] Hermann Harrauer, Rosario Pintaudi.</subfield>
      </datafield>
      <datafield tag="246" ind1="3" ind2=" ">
         <subfield code="a">P. Horak</subfield>
      </datafield>
      <datafield tag="260" ind1=" " ind2=" ">
         <subfield code="a">Firenze :</subfield>
         <subfield code="b">Gonnelli,</subfield>
         <subfield code="c">2004.</subfield>
      </datafield>
      <datafield tag="300" ind1=" " ind2=" ">
         <subfield code="a">2 v. (xiii, 593, l, [28] p.) :</subfield>
         <subfield code="b">ill. (some col.) ;</subfield>
         <subfield code="c">31 cm.</subfield>
      </datafield>
      <datafield tag="336" ind1=" " ind2=" ">
         <subfield code="a">text</subfield>
         <subfield code="2">rdacontent</subfield>
      </datafield>
      <datafield tag="336" ind1=" " ind2=" ">
         <subfield code="a">still image</subfield>
         <subfield code="2">rdacontent</subfield>
      </datafield>
      <datafield tag="337" ind1=" " ind2=" ">
         <subfield code="a">unmediated</subfield>
         <subfield code="2">rdamedia</subfield>
      </datafield>
      <datafield tag="338" ind1=" " ind2=" ">
         <subfield code="a">volume</subfield>
         <subfield code="2">rdacarrier</subfield>
      </datafield>
      <datafield tag="490" ind1="1" ind2=" ">
         <subfield code="a">Papyrologica Florentina ;</subfield>
         <subfield code="v">v. 34</subfield>
      </datafield>
      <datafield tag="504" ind1=" " ind2=" ">
         <subfield code="a">Includes bibliographical references and index.</subfield>
      </datafield>
      <datafield tag="504" ind1=" " ind2=" ">
         <subfield code="a">"Bibliographie Ulrike Horak"--p. [xi]-xiii.</subfield>
      </datafield>
      <datafield tag="510" ind1="4" ind2=" ">
         <subfield code="a">Checklist of editions of Greek, Latin, Demotic and Coptic Papyri, Ostraca and Tablets;</subfield>
         <subfield code="c">P.Horak</subfield>
      </datafield>
      <datafield tag="546" ind1=" " ind2=" ">
         <subfield code="a">Texts in Italian, English, French, German, Ancient Greek.</subfield>
      </datafield>
      <datafield tag="505" ind1="0" ind2="0">
         <subfield code="g">1. Teil.</subfield>
         <subfield code="g">A.</subfield>
         <subfield code="t">Editionen : Papyri und Inschriften.</subfield>
         <subfield code="g">a.</subfield>
         <subfield code="t">Griechische : Literarische und semiliterarische.</subfield>
         <subfield code="g">1.</subfield>
         <subfield code="t">Ostrakon con un passo incompleto di E. Hebr. 2 /</subfield>
         <subfield code="r">Gallazzi, Claudio --</subfield>
         <subfield code="g">2.</subfield>
         <subfield code="t">Thessalos über die Amateurärzte /</subfield>
         <subfield code="r">Hagedorn, Ursula --</subfield>
         <subfield code="r">Hagedorn, Dieter --</subfield>
         <subfield code="g">3.</subfield>
         <subfield code="t">Papyrus fragment of a New Greek Paschal Letter /</subfield>
         <subfield code="r">La’da, Csaba --</subfield>
         <subfield code="r">Papthomas, Amphilochios --</subfield>
         <subfield code="g">4.</subfield>
         <subfield code="t">Glossario a Callimaco? /</subfield>
         <subfield code="r">Menci, Giovanna --</subfield>
         <subfield code="g">5.</subfield>
         <subfield code="t">Magisches Ensemble /</subfield>
         <subfield code="r">Minutoli, Diletta --</subfield>
         <subfield code="g">6.</subfield>
         <subfield code="t">Libanius, Fragm. de declamationibus 49, 3, 6-10 und ein unbekanntes Libanius(?)-Fragment /</subfield>
         <subfield code="r">Papthomas, Amphilochios --</subfield>
         <subfield code="g">7.</subfield>
         <subfield code="t">Zu den zōgraphoi in Ägypten /</subfield>
         <subfield code="r">Worp, Klaas A.</subfield>
         <subfield code="g">b.</subfield>
         <subfield code="t">Griechische : Dokumentarische.</subfield>
         <subfield code="g">8.-10.</subfield>
         <subfield code="t">Three Hermopolite Leases from the Vienna Collection /</subfield>
         <subfield code="r">Bagnall, Roger S. --</subfield>
         <subfield code="g">11.</subfield>
         <subfield code="t">Order to send a person /</subfield>
         <subfield code="r">Bagnall, Roger S. – Mitthof, Fritz --</subfield>
         <subfield code="g">12.</subfield>
         <subfield code="t">Quittung über eine Proviantlieferung an Steinbrucharbeiter /</subfield>
         <subfield code="r">Bagnall, Roger S. – Mitthof, Fritz --</subfield>
         <subfield code="g">13.</subfield>
         <subfield code="t">Copia autenticata di petizione al prefetto /</subfield>
         <subfield code="r">Bastianini, Guido --</subfield>
         <subfield code="g">14.-15.</subfield>
         <subfield code="t">Greek and Coptic medical prescriptions from the Michaelidis collection in Cambridge University Library /</subfield>
         <subfield code="r">Clackson, Sarah --</subfield>
         <subfield code="g">16.</subfield>
         <subfield code="t">Harpokration, Fronto, and Paean Chanters in an Account (Col. inv. 500r) /</subfield>
         <subfield code="r">Cribiore, Raffaella --</subfield>
         <subfield code="g">17.-18.</subfield>
         <subfield code="t">Deux textes relatifs à des couleurs /</subfield>
         <subfield code="r">Fournet, Jean Luc --</subfield>
         <subfield code="g">19.</subfield>
         <subfield code="t">Lettera private /</subfield>
         <subfield code="r">Funghi, Maria Serena --</subfield>
         <subfield code="g">20.</subfield>
         <subfield code="t">Ptolemäische Getreideabrechnungen : Ein Papyrus in Privatbesitz /</subfield>
         <subfield code="r">Harrauer, Hermann --</subfield>
         <subfield code="g">21.</subfield>
         <subfield code="t">Abrechnung für den Maler Julianos /</subfield>
         <subfield code="r">Harrauer, Hermann --</subfield>
         <subfield code="r">Pintaudi, Rosario --</subfield>
         <subfield code="g">22.</subfield>
         <subfield code="t">Steuerliste und moderner horror vacui /</subfield>
         <subfield code="r">Harrauer, Hermann --</subfield>
         <subfield code="g">23.</subfield>
         <subfield code="t">Fragment d'extraits de contrats (recto) /</subfield>
         <subfield code="r">Husson, Geneviève --</subfield>
         <subfield code="g">24.</subfield>
         <subfield code="t">Réédition d'une lettre de Palas à Hèroninos (verso) /</subfield>
         <subfield code="r">Husson, Geneviève --</subfield>
         <subfield code="g">25.</subfield>
         <subfield code="t">Neues Edikt des Caracalla /</subfield>
         <subfield code="r">Jördens, Andrea --</subfield>
      </datafield>
      <datafield tag="505" ind1="8" ind2="0">
         <subfield code="g">g26.</subfield>
         <subfield code="t">Marath(r)ov (Fenchel) in einem Geschäftsbrief aus Ägypten /</subfield>
         <subfield code="r">Kramer, Bärbel --</subfield>
         <subfield code="r">Kramer, Johannes --</subfield>
         <subfield code="g">27.</subfield>
         <subfield code="t">Pachtvertrag /</subfield>
         <subfield code="r">Kreuzsaler, Claudia --</subfield>
         <subfield code="g">28.</subfield>
         <subfield code="t">Iscrizione funeraria da Antinoe /</subfield>
         <subfield code="r">Manfredi, Manfredo --</subfield>
         <subfield code="g">29.</subfield>
         <subfield code="t">Royal Oath /</subfield>
         <subfield code="r">McGing, Brian --</subfield>
         <subfield code="g">30.</subfield>
         <subfield code="t">Fragment d'un dialogismos /</subfield>
         <subfield code="r">Melaerts, Henri --</subfield>
         <subfield code="g">31.-62.</subfield>
         <subfield code="t">Archivio di ostraca dell'erogator Martyrios /</subfield>
         <subfield code="r">Messeri, Gabriella --</subfield>
         <subfield code="r">Pintaudi, Rosario --</subfield>
         <subfield code="g">63.</subfield>
         <subfield code="t">Liste von Pigmenten und Farbstoffen für Malfarben /</subfield>
         <subfield code="r">Mitthof, Fritz --</subfield>
         <subfield code="g">64.-66.</subfield>
         <subfield code="t">Dalle prigioni dell'Arsinoite /</subfield>
         <subfield code="r">Morelli, Federico --</subfield>
         <subfield code="g">67.</subfield>
         <subfield code="t">Lettera /</subfield>
         <subfield code="r">Pruneti, Paola --</subfield>
         <subfield code="g">68.-79.</subfield>
         <subfield code="t">Ritzinschriften auf Gefässen und Ziegeln aus dem antiken Lentia/Linz /</subfield>
         <subfield code="r">Ruprechtsberger, Erwin M. --</subfield>
         <subfield code="g">80.</subfield>
         <subfield code="t">Hypallagmatisch gesichertes Darlehen /</subfield>
         <subfield code="r">Salomons, Robert P. --</subfield>
         <subfield code="g">81.</subfield>
         <subfield code="t">List of Persons from Heracleopolis /</subfield>
         <subfield code="r">Salomons, Robert P. --</subfield>
         <subfield code="g">82.</subfield>
         <subfield code="t">Ehevertrag aus dem augusteischen Alexandrien /</subfield>
         <subfield code="r">Sarischouli, Panagiota.</subfield>
         <subfield code="g">c.</subfield>
         <subfield code="t">Demotische.</subfield>
         <subfield code="g">83.</subfield>
         <subfield code="t">New Light on Gilding in Hellenistic Egypt : P.Dem. Vindob. Barbara 58 /</subfield>
         <subfield code="r">Depauw, Mark.</subfield>
         <subfield code="g">d.</subfield>
         <subfield code="t">Kotpische.</subfield>
         <subfield code="g">84.</subfield>
         <subfield code="t">Hänge die Würste auf und berühre keine : Edition von P.Vindob. K 1133 /</subfield>
         <subfield code="r">Förster, Hans.</subfield>
         <subfield code="g">e.</subfield>
         <subfield code="t">Arabische.</subfield>
         <subfield code="g">85.</subfield>
         <subfield code="t">Request to buy coloured silk /</subfield>
         <subfield code="r">Sijpesteijn, Petra.</subfield>
         <subfield code="g">B.</subfield>
         <subfield code="t">Papyrologische Beiträge.</subfield>
         <subfield code="t">Die Hellenika von Oxyrhynchos /</subfield>
         <subfield code="r">Alonso-Núñez, José Miguel --</subfield>
         <subfield code="t">Sureties in Fayum villages /</subfield>
         <subfield code="r">Clarysse, Willy --</subfield>
         <subfield code="t">Soscrizioni ercolanesi /</subfield>
         <subfield code="r">Gigante, Marcello --</subfield>
         <subfield code="t">Punctuation Matters in some Papyri /</subfield>
         <subfield code="r">Litinas, Nikos --</subfield>
         <subfield code="t">Pigmente und Farbstoffe für Malfarben im spätantiken Ägypten : Die papyrologische Evidenz /</subfield>
         <subfield code="r">Mitthof, Fritz --</subfield>
         <subfield code="t">Zwischen Berichterstattung und Reisebeschreibung : Theodor Hopfner über seine Ägyptenreise von 1937 /</subfield>
         <subfield code="r">Oerter, Wolf B. --</subfield>
         <subfield code="t">Löwen des Kaisers Leon /</subfield>
         <subfield code="r">Palme, Bernhard --</subfield>
         <subfield code="t">Osservazioni a P.Bingen 79 /</subfield>
         <subfield code="r">Russo, Simona.</subfield>
      </datafield>
      <datafield tag="505" ind1="8" ind2="0">
         <subfield code="g">2. Teil.</subfield>
         <subfield code="g">C.</subfield>
         <subfield code="t">Archäologie und Textilien.</subfield>
         <subfield code="t">Three Coptic Textile Fragments from the Collection of the Municipal Museum in Chrudim, Czech Republic /</subfield>
         <subfield code="r">Bažantová, Nina --</subfield>
         <subfield code="t">Sphère céleste antique en argent ciselé /</subfield>
         <subfield code="r">Cuvigny, Hélène --</subfield>
         <subfield code="t">Ägyptische Puppen aus römischer bis früharabischer Zeit : Ein Streifzug durch die Sammlungen des Ägyptischen Museums in Berlin, des Museums für angewandte Kunst in Wien und des Benaki-Museums in Athen /</subfield>
         <subfield code="r">Fluck, Caecilia --</subfield>
         <subfield code="t">Dolls from Egypt in the Benaki-Museum, Athens : Technical Analyses of the Textiles /</subfield>
         <subfield code="r">Tsourinaki, Sofia --</subfield>
         <subfield code="t">Kreuznimbus im spätantik-frühmittelalterlichen Ägypten : Ein doppelseitig illuminierter Papyrus aus der Privatsammlung Tamerit in der Papyrussammlung der Österreichischen Nationalbibliothek /</subfield>
         <subfield code="r">Froschauer, Harald --</subfield>
         <subfield code="t">Clavusfragment mit Menschendarstellungen aus dem Museum für angewandte Kunst Wien (MAK) T 9560 /</subfield>
         <subfield code="r">Lässig, Elisabeth --</subfield>
         <subfield code="t">Soternalia — Beobachtungen an einigen Objekten aus dem Umkreis des Pollius Soter-Komplexes in Theben (TT 32) /</subfield>
         <subfield code="r">Nauerth, Claudia --</subfield>
         <subfield code="t">Textilkunst der frühen Christen, gezeigt am Beispiel der Funde aus Ägypten /</subfield>
         <subfield code="r">Pillinger, Renate --</subfield>
         <subfield code="t">Derma e scarpe di pelle /</subfield>
         <subfield code="r">Russo, Simona --</subfield>
         <subfield code="t">Venus in der Muschel : Darstellungen der Liebesgöttin im spätantiken Ägypten /</subfield>
         <subfield code="r">Schenke, Gesa --</subfield>
         <subfield code="t">Nymphe im Marienzyklus? /</subfield>
         <subfield code="r">Schrenk, Sabine.</subfield>
         <subfield code="g">D.</subfield>
         <subfield code="t">Antike und Papyrologie.</subfield>
         <subfield code="t">Lebensstandard und sozialer Status antiker Gartenarbeiter : Von Homer bis zur hellenistischen Zeit /</subfield>
         <subfield code="r">Frass, Monika --</subfield>
         <subfield code="t">Johannes Xanthinos als Urkundenschreiber im Konstantinopel /</subfield>
         <subfield code="r">Gamillscheg, Ernst --</subfield>
         <subfield code="t">Aus der Bibliothek des griechisch-orthodoxen Patriarchats in Alexandria : Bibl. Patr. Alex. 18 /</subfield>
         <subfield code="r">Salmenkivi, Erija --</subfield>
         <subfield code="r">Hakkarainen, Mika --</subfield>
         <subfield code="t">Appendix : The Binding Structure of Bibl. Patr. Alex. 18 /</subfield>
         <subfield code="r">Kantell, Tuija --</subfield>
         <subfield code="t">Niliacae bibli .Anmerkungen zum Anfang des Carmen Paschale des Sedulius /</subfield>
         <subfield code="r">Smolak, Kurt --</subfield>
      </datafield>
      <datafield tag="505" ind1="8" ind2="0">
         <subfield code="t">Wege zur modernen Einheitsschrift abendländischer Tradition dokumentiert an Objekten der Österreichischen Nationalbibliothek /</subfield>
         <subfield code="r">Zelzer, Michaela.</subfield>
         <subfield code="g">E.</subfield>
         <subfield code="t">Nachleben.</subfield>
         <subfield code="t">Death of Bacchus and the Salvation of the Human Soul : Meditations on a golden bowl from the year 1508 /</subfield>
         <subfield code="r">Bažant, Jan --</subfield>
         <subfield code="t">Ars vivendi : Die 7 Tosünden von Manfred Jendryschik und Karl-Georg Hirsch /</subfield>
         <subfield code="r">Karolyi, Claudia --</subfield>
         <subfield code="t">“Sie sind eine Meisterin ..." Marie Katholicky-Soffe (11.7.1849-18.1.1931), Leben und Wirken im Brünner Musikleben um die Jahrhundertwende im Spiegel dernachgelassenen Dokumente /</subfield>
         <subfield code="r">Hilmar, Rosemary --</subfield>
         <subfield code="t">Indices /</subfield>
         <subfield code="r">Leiminger, Bettina --</subfield>
         <subfield code="r">Förster, Hans.</subfield>
      </datafield>
      <datafield tag="650" ind1=" " ind2="0">
         <subfield code="a">Manuscripts, Greek (Papyri)</subfield>
      </datafield>
      <datafield tag="650" ind1=" " ind2="0">
         <subfield code="a">Ostraka.</subfield>
      </datafield>
      <datafield tag="650" ind1=" " ind2="0">
         <subfield code="a">Manuscripts (Papyri)</subfield>
      </datafield>
      <datafield tag="650" ind1=" " ind2="0">
         <subfield code="a">Inscriptions, Greek.</subfield>
      </datafield>
      <datafield tag="650" ind1=" " ind2="0">
         <subfield code="a">Coptic inscriptions.</subfield>
      </datafield>
      <datafield tag="650" ind1=" " ind2="0">
         <subfield code="a">Coptic textile fabrics.</subfield>
      </datafield>
      <datafield tag="650" ind1="1" ind2="7">
         <subfield code="a">Cultuurgeschiedenis.</subfield>
         <subfield code="2">gtt</subfield>
      </datafield>
      <datafield tag="600" ind1="1" ind2="7">
         <subfield code="a">Horak, Ulrike.</subfield>
         <subfield code="2">swd</subfield>
      </datafield>
      <datafield tag="650" ind1="0" ind2="7">
         <subfield code="a">Textilien.</subfield>
         <subfield code="2">swd</subfield>
      </datafield>
      <datafield tag="650" ind1="0" ind2="7">
         <subfield code="a">Kultur.</subfield>
         <subfield code="2">swd</subfield>
      </datafield>
      <datafield tag="650" ind1="0" ind2="7">
         <subfield code="a">Papyrus.</subfield>
         <subfield code="2">swd</subfield>
      </datafield>
      <datafield tag="651" ind1=" " ind2="7">
         <subfield code="a">Griechisch.</subfield>
         <subfield code="2">swd</subfield>
      </datafield>
      <datafield tag="651" ind1=" " ind2="7">
         <subfield code="a">Ägypten &lt;Altertum&gt;</subfield>
         <subfield code="2">swd</subfield>
      </datafield>
      <datafield tag="650" ind1=" " ind2="7">
         <subfield code="a">Coptic inscriptions.</subfield>
         <subfield code="2">fast</subfield>
         <subfield code="0">(OCoLC)fst01734576</subfield>
      </datafield>
      <datafield tag="650" ind1=" " ind2="7">
         <subfield code="a">Coptic manuscripts (Papyri)</subfield>
         <subfield code="2">fast</subfield>
         <subfield code="0">(OCoLC)fst01735635</subfield>
      </datafield>
      <datafield tag="650" ind1=" " ind2="7">
         <subfield code="a">Coptic textile fabrics.</subfield>
         <subfield code="2">fast</subfield>
         <subfield code="0">(OCoLC)fst01734612</subfield>
      </datafield>
      <datafield tag="650" ind1=" " ind2="7">
         <subfield code="a">Inscriptions, Greek.</subfield>
         <subfield code="2">fast</subfield>
         <subfield code="0">(OCoLC)fst00973878</subfield>
      </datafield>
      <datafield tag="650" ind1=" " ind2="7">
         <subfield code="a">Manuscripts, Greek (Papyri)</subfield>
         <subfield code="2">fast</subfield>
         <subfield code="0">(OCoLC)fst01008356</subfield>
      </datafield>
      <datafield tag="650" ind1=" " ind2="7">
         <subfield code="a">Manuscripts (Papyri)</subfield>
         <subfield code="2">fast</subfield>
         <subfield code="0">(OCoLC)fst01008260</subfield>
      </datafield>
      <datafield tag="700" ind1="1" ind2=" ">
         <subfield code="a">Horak, Ulrike.</subfield>
      </datafield>
      <datafield tag="700" ind1="1" ind2=" ">
         <subfield code="a">Harrauer, Hermann.</subfield>
      </datafield>
      <datafield tag="700" ind1="1" ind2=" ">
         <subfield code="a">Pintaudi, Rosario.</subfield>
      </datafield>
      <datafield tag="776" ind1="0" ind2="8">
         <subfield code="i">Online version:</subfield>
         <subfield code="t">Gedenkschrift Ulrike Horak (P. Horak)</subfield>
         <subfield code="d">Firenze : Gonnelli, 2004</subfield>
         <subfield code="w">(OCoLC)676861893</subfield>
      </datafield>
      <datafield tag="830" ind1=" " ind2="0">
         <subfield code="a">Papyrologica Florentina ;</subfield>
         <subfield code="v">v. 34.</subfield>
      </datafield>
      <datafield tag="994" ind1=" " ind2=" ">
         <subfield code="a">Z0</subfield>
         <subfield code="b">ZYU</subfield>
      </datafield>
      <datafield tag="OWN" ind1=" " ind2=" ">
         <subfield code="a">GENERAL</subfield>
      </datafield>
      <datafield tag="AVA" ind1=" " ind2=" ">
         <subfield code="a">NYU50</subfield>
         <subfield code="b">NISAW</subfield>
         <subfield code="c">Large Collection</subfield>
         <subfield code="d">PA3339 .G43 2004</subfield>
         <subfield code="e">available</subfield>
         <subfield code="t">Available</subfield>
         <subfield code="f">2</subfield>
         <subfield code="g">0</subfield>
         <subfield code="h">Y</subfield>
         <subfield code="i">0</subfield>
         <subfield code="j">LARGE</subfield>
         <subfield code="k">0</subfield>
      </datafield>
      <marc:datafield tag="852" ind1=" " ind2=" ">
         <marc:subfield code="b">Institute for the Study of the Ancient World, </marc:subfield>
         <marc:subfield code="c">Large Collection</marc:subfield>
         <marc:subfield code="e">15 East 84th St., </marc:subfield>
         <marc:subfield code="e">New York, NY  10028</marc:subfield>
      </marc:datafield>
   </record>