
  
  
  
  
  
  
  
 
  
  <record xsi:schemaLocation="http://www.loc.gov/MARC21/slim http://www.loc.gov/standards/marcxml/schema/MARC21slim.xsd">
      <leader>00000cam  2200613 a 4500</leader>
      <controlfield tag="FMT">BK</controlfield>
      <controlfield tag="LDR">00000cam  2200613 a 4500</controlfield>
      <controlfield tag="001">004084112</controlfield>
      <controlfield tag="003">OCoLC</controlfield>
      <controlfield tag="005">20141219111754.0</controlfield>
      <controlfield tag="008">141219s1986    cc a          000 0 chi</controlfield>
      <datafield tag="010" ind1=" " ind2=" ">
         <subfield code="a">88120259</subfield>
      </datafield>
      <datafield tag="035" ind1=" " ind2=" ">
         <subfield code="a">(OCoLC)18635558</subfield>
      </datafield>
      <datafield tag="040" ind1=" " ind2=" ">
         <subfield code="a">DLC-R</subfield>
         <subfield code="b">eng</subfield>
         <subfield code="c">DLC</subfield>
         <subfield code="d">OCLCO</subfield>
         <subfield code="d">OCLCF</subfield>
         <subfield code="d">OCLCQ</subfield>
         <subfield code="d">ZYU</subfield>
         <subfield code="d">NNU</subfield>
      </datafield>
      <datafield tag="043" ind1=" " ind2=" ">
         <subfield code="a">a-cc---</subfield>
         <subfield code="a">a-cc-sp</subfield>
      </datafield>
      <datafield tag="050" ind1="0" ind2="0">
         <subfield code="a">DS793.S4</subfield>
         <subfield code="b">S516 1986</subfield>
      </datafield>
      <datafield tag="050" ind1=" " ind2="4">
         <subfield code="a">GN776.32.C6</subfield>
         <subfield code="b">S516 1986</subfield>
      </datafield>
      <datafield tag="066" ind1=" " ind2=" ">
         <subfield code="c">$1</subfield>
      </datafield>
      <datafield tag="082" ind1="0" ind2="0">
         <subfield code="a">951/.14</subfield>
         <subfield code="2">19</subfield>
      </datafield>
      <datafield tag="245" ind1="0" ind2="0">
         <subfield code="6">880-01</subfield>
         <subfield code="a">Shandong shi qian wen hua lun wen ji /</subfield>
         <subfield code="c">Shandong sheng "Qi Lu kao gu cong kan" bian ji bu bian.</subfield>
      </datafield>
      <datafield tag="250" ind1=" " ind2=" ">
         <subfield code="6">880-02</subfield>
         <subfield code="a">Di 1 ban.</subfield>
      </datafield>
      <datafield tag="260" ind1=" " ind2=" ">
         <subfield code="6">880-03</subfield>
         <subfield code="a">Jinan :</subfield>
         <subfield code="b">Qi Lu shu she,</subfield>
         <subfield code="c">1986.</subfield>
      </datafield>
      <datafield tag="300" ind1=" " ind2=" ">
         <subfield code="a">2, 308 pages :</subfield>
         <subfield code="b">illustrations ;</subfield>
         <subfield code="c">21 cm</subfield>
      </datafield>
      <datafield tag="336" ind1=" " ind2=" ">
         <subfield code="a">text</subfield>
         <subfield code="b">txt</subfield>
         <subfield code="2">rdacontent</subfield>
      </datafield>
      <datafield tag="337" ind1=" " ind2=" ">
         <subfield code="a">unmediated</subfield>
         <subfield code="b">n</subfield>
         <subfield code="2">rdamedia</subfield>
      </datafield>
      <datafield tag="338" ind1=" " ind2=" ">
         <subfield code="a">volume</subfield>
         <subfield code="b">nc</subfield>
         <subfield code="2">rdacarrier</subfield>
      </datafield>
      <datafield tag="500" ind1=" " ind2=" ">
         <subfield code="6">880-04</subfield>
         <subfield code="a">Ben shu wei Shandong Sheng wen wu kao gu yan jiu suo he Shandong Sheng kao gu xue hui zai 1982 nian 8 yue Shandong Sheng Rongcheng Xian zhao kai de di yi ci Shandong shi qian xue shu tao lun hui lun wen bian ji er cheng.</subfield>
      </datafield>
      <datafield tag="505" ind1="0" ind2="0">
         <subfield code="6">880-05</subfield>
         <subfield code="t">Dui Shandong shi qian kao gu de zhui qiu yu zhan wang（dai qian yan） /</subfield>
         <subfield code="r">Yang Zifan --</subfield>
         <subfield code="t">Shandong shi qian kao gu /</subfield>
         <subfield code="r">Su Bingqi --</subfield>
         <subfield code="t">Shandong Diqu shi qian kao gu fang mian de you guan wen ti /</subfield>
         <subfield code="r">Shi Xingbang --</subfield>
         <subfield code="t">Shandong Diqu shi qian wen hua gai nian /</subfield>
         <subfield code="r">Gao Guangren --</subfield>
         <subfield code="t">Guan yu wo guo xin shi qi shi dai kao gu xue wen hua qu xi lei xing de yan jiu wen ti /</subfield>
         <subfield code="r">Li Yangsong --</subfield>
         <subfield code="t">Jiaodong yuan shi wen hua chu lun /</subfield>
         <subfield code="r">Yan Wenming --</subfield>
         <subfield code="t">Jiaodong shi qian wen hua chu tan/</subfield>
         <subfield code="r">Han Rong --</subfield>
         <subfield code="t">Yue shi wen hua：Shandong shi qian kao gu dee xin ke ti /</subfield>
         <subfield code="r">Shao Wangping --</subfield>
         <subfield code="t">Lun Wei, Zi liu yu de yuan shi wen hua /</subfield>
         <subfield code="r">Du Zaizhong --</subfield>
         <subfield code="t">Shandong shi qian wen hua zai Zhong hua yuan gu wen ming xing cheng zhong de di wei /</subfield>
         <subfield code="r">Li Jiafang --</subfield>
         <subfield code="t">Shi lun Dawenkou wen hua ji qi you guan wen ti：Zhongguo yuan shi wen hua tan suo zhi er /</subfield>
         <subfield code="r">Shi Xingbang --</subfield>
         <subfield code="t">Shi lun Beixing wen hua：jian lun Dawenkou wen hua de yuan yuan /</subfield>
         <subfield code="r">Wu Ruzuo --</subfield>
         <subfield code="t">Shi tan Beixing wen hua ji qi zai Dawenkou wen hua de guan xi /</subfield>
         <subfield code="r">Zheng Xiaomei --</subfield>
         <subfield code="t">Shi lun Dawenkou mu zang suo fan ying de she hui xin zhi /</subfield>
         <subfield code="r">Wang Xiping --</subfield>
         <subfield code="t">Tan Lingyang He yu Dazhu Cun chu tu de tao zun “Wen zi” /</subfield>
         <subfield code="r">Wang Shuming.</subfield>
      </datafield>
      <datafield tag="650" ind1=" " ind2="0">
         <subfield code="a">Neolithic period</subfield>
         <subfield code="6">880-06</subfield>
         <subfield code="z">China</subfield>
         <subfield code="z">Shandong Sheng.</subfield>
      </datafield>
      <datafield tag="651" ind1=" " ind2="0">
         <subfield code="a">Shandong Sheng (China)</subfield>
         <subfield code="6">880-07</subfield>
         <subfield code="x">Antiquities.</subfield>
      </datafield>
      <datafield tag="651" ind1=" " ind2="0">
         <subfield code="a">China</subfield>
         <subfield code="x">Antiquities.</subfield>
      </datafield>
      <datafield tag="650" ind1=" " ind2="7">
         <subfield code="a">Antiquities.</subfield>
         <subfield code="2">fast</subfield>
         <subfield code="0">(OCoLC)fst00810745</subfield>
      </datafield>
      <datafield tag="651" ind1=" " ind2="7">
         <subfield code="a">China.</subfield>
         <subfield code="2">fast</subfield>
         <subfield code="0">(OCoLC)fst01206073</subfield>
      </datafield>
      <datafield tag="651" ind1=" " ind2="7">
         <subfield code="a">China</subfield>
         <subfield code="z">Shandong Sheng.</subfield>
         <subfield code="2">fast</subfield>
         <subfield code="0">(OCoLC)fst01211057</subfield>
      </datafield>
      <datafield tag="710" ind1="2" ind2=" ">
         <subfield code="a">Shandong Sheng "Qi Lu kao gu cong kan" bian ji bu</subfield>
         <subfield code="6">880-08</subfield>
      </datafield>
      <datafield tag="776" ind1="0" ind2="8">
         <subfield code="i">Online version:</subfield>
         <subfield code="t">Shandong shi qian wen hua lun wen ji.</subfield>
         <subfield code="b">Di 1 ban.</subfield>
         <subfield code="d">Jinan : Qi Lu shu she, 1986</subfield>
         <subfield code="w">(OCoLC)573397538</subfield>
      </datafield>
      <datafield tag="880" ind1="0" ind2="0">
         <subfield code="6">245-01/</subfield>
         <subfield code="a">山东史前文化论文集 /</subfield>
         <subfield code="c">山东省《齐魯考古丛刊》编辑部编.</subfield>
      </datafield>
      <datafield tag="880" ind1=" " ind2=" ">
         <subfield code="6">250-02/</subfield>
         <subfield code="a">第1版.</subfield>
      </datafield>
      <datafield tag="880" ind1=" " ind2=" ">
         <subfield code="6">260-03/</subfield>
         <subfield code="a">济南 :</subfield>
         <subfield code="b">齐魯书社,</subfield>
         <subfield code="c">1986.</subfield>
      </datafield>
      <datafield tag="880" ind1=" " ind2=" ">
         <subfield code="6">500-04/</subfield>
         <subfield code="a">本书为山东省文物考古研究所和山东省考古学会在1982年8月山东省荣成县召开的第一次山东史前考古学术讨论会论文编辑而成。</subfield>
      </datafield>
      <datafield tag="880" ind1="0" ind2="0">
         <subfield code="6">505-05/</subfield>
         <subfield code="t">对山东史前考古的追求与瞻望（代前言） /</subfield>
         <subfield code="r">杨子范 --</subfield>
         <subfield code="t">山东史前考古 /</subfield>
         <subfield code="r">苏秉琦 --</subfield>
         <subfield code="t">山东地区史前考古方面的有关问题 /</subfield>
         <subfield code="r">石兴邦 --</subfield>
         <subfield code="t">山东地区史前文化概念 /</subfield>
         <subfield code="r">高广仁 --</subfield>
         <subfield code="t">关于我国新石器时代考古学文化区系类型的研究问题 /</subfield>
         <subfield code="r">李仰松 --</subfield>
         <subfield code="t">胶东原始文化初论 /</subfield>
         <subfield code="r">严文明 --</subfield>
         <subfield code="t">胶东史前文化初探 /</subfield>
         <subfield code="r">韩榕 --</subfield>
         <subfield code="t">岳石文化：山东史前考古的新课题 /</subfield>
         <subfield code="r">邵望平 --</subfield>
         <subfield code="t">论潍，淄流域的原始文化 /</subfield>
         <subfield code="r">杜在忠 --</subfield>
         <subfield code="t">山东史前文化在中华远古文明形成中的地位 /</subfield>
         <subfield code="r">黎家芳 --</subfield>
         <subfield code="t">试论大汶口文化及其有关问题：中国原始社会文化探索之二 /</subfield>
         <subfield code="r">石兴邦 --</subfield>
         <subfield code="t">试论北辛文化：兼论大汶口文化的渊源 /</subfield>
         <subfield code="r">吴汝祚 --</subfield>
         <subfield code="t">试谈北辛文化及其在大汶口文化的关系 /</subfield>
         <subfield code="r">郑笑梅 --</subfield>
         <subfield code="t">试论大汶口墓葬所反映的社会性质 /</subfield>
         <subfield code="r">王锡平 --</subfield>
         <subfield code="t">谈陵阳河与大朱村出土的陶尊“文字” /</subfield>
         <subfield code="r">王树明.</subfield>
      </datafield>
      <datafield tag="880" ind1=" " ind2="4">
         <subfield code="6">650-06/</subfield>
         <subfield code="a">Neolithic period</subfield>
         <subfield code="z">China</subfield>
         <subfield code="z">山东省.</subfield>
      </datafield>
      <datafield tag="880" ind1=" " ind2="4">
         <subfield code="6">651-07/</subfield>
         <subfield code="a">山东省 (China)</subfield>
         <subfield code="x">Antiquities.</subfield>
      </datafield>
      <datafield tag="880" ind1="2" ind2=" ">
         <subfield code="6">710-08/</subfield>
         <subfield code="a">山东省《齐魯考古丛刊》编辑部.</subfield>
      </datafield>
      <datafield tag="994" ind1=" " ind2=" ">
         <subfield code="a">Z0</subfield>
         <subfield code="b">ZYU</subfield>
      </datafield>
      <datafield tag="OWN" ind1=" " ind2=" ">
         <subfield code="a">GENERAL</subfield>
      </datafield>
      <datafield tag="AVA" ind1=" " ind2=" ">
         <subfield code="a">NYU50</subfield>
         <subfield code="b">NISAW</subfield>
         <subfield code="c">Small Collection</subfield>
         <subfield code="d">GN776.32.C6 S516 1986</subfield>
         <subfield code="e">available</subfield>
         <subfield code="t">Available</subfield>
         <subfield code="f">1</subfield>
         <subfield code="g">0</subfield>
         <subfield code="h">N</subfield>
         <subfield code="i">0</subfield>
         <subfield code="j">SMALL</subfield>
         <subfield code="k">0</subfield>
      </datafield>
      <marc:datafield tag="852" ind1=" " ind2=" ">
         <marc:subfield code="b">Institute for the Study of the Ancient World, </marc:subfield>
         <marc:subfield code="c">Small Collection</marc:subfield>
         <marc:subfield code="e">15 East 84th St., </marc:subfield>
         <marc:subfield code="e">New York, NY  10028</marc:subfield>
      </marc:datafield>
   </record>