
  
  
  
  
  
  
 
  
  <record xsi:schemaLocation="http://www.loc.gov/MARC21/slim http://www.loc.gov/standards/marcxml/schema/MARC21slim.xsd">
      <leader>00000cam  2200601 a 4500</leader>
      <controlfield tag="FMT">BK</controlfield>
      <controlfield tag="LDR">00000cam  2200601 a 4500</controlfield>
      <controlfield tag="001">004084308</controlfield>
      <controlfield tag="003">OCoLC</controlfield>
      <controlfield tag="005">20141219141753.0</controlfield>
      <controlfield tag="008">141219s2014    gauab    b    101 0 eng d</controlfield>
      <datafield tag="015" ind1=" " ind2=" ">
         <subfield code="a">GBB421023</subfield>
         <subfield code="2">bnb</subfield>
      </datafield>
      <datafield tag="016" ind1="7" ind2=" ">
         <subfield code="a">016635569</subfield>
         <subfield code="2">Uk</subfield>
      </datafield>
      <datafield tag="020" ind1=" " ind2=" ">
         <subfield code="a">089757009X (hardback)</subfield>
      </datafield>
      <datafield tag="020" ind1=" " ind2=" ">
         <subfield code="a">9780897570091 (hardback)</subfield>
      </datafield>
      <datafield tag="020" ind1=" " ind2=" ">
         <subfield code="a">1937040194</subfield>
      </datafield>
      <datafield tag="020" ind1=" " ind2=" ">
         <subfield code="a">9781937040192</subfield>
      </datafield>
      <datafield tag="020" ind1=" " ind2=" ">
         <subfield code="a">9781937040208</subfield>
      </datafield>
      <datafield tag="020" ind1=" " ind2=" ">
         <subfield code="a">1937040208</subfield>
      </datafield>
      <datafield tag="035" ind1=" " ind2=" ">
         <subfield code="a">(OCoLC)871305611</subfield>
         <subfield code="z">(OCoLC)834433807</subfield>
         <subfield code="z">(OCoLC)869589552</subfield>
         <subfield code="z">(OCoLC)869773643</subfield>
         <subfield code="z">(OCoLC)878668523</subfield>
      </datafield>
      <datafield tag="040" ind1=" " ind2=" ">
         <subfield code="a">UKMGB</subfield>
         <subfield code="b">eng</subfield>
         <subfield code="c">UKMGB</subfield>
         <subfield code="d">YDXCP</subfield>
         <subfield code="d">BTCTA</subfield>
         <subfield code="d">CGU</subfield>
         <subfield code="d">OCLCO</subfield>
         <subfield code="d">ABF</subfield>
         <subfield code="d">OCLCA</subfield>
         <subfield code="d">OCLCF</subfield>
         <subfield code="d">CDX</subfield>
         <subfield code="d">UAB</subfield>
         <subfield code="d">NNU</subfield>
      </datafield>
      <datafield tag="043" ind1=" " ind2=" ">
         <subfield code="a">a-tu---</subfield>
      </datafield>
      <datafield tag="050" ind1=" " ind2="4">
         <subfield code="a">DS156.K85</subfield>
         <subfield code="b">C977 2014</subfield>
      </datafield>
      <datafield tag="082" ind1="0" ind2="4">
         <subfield code="a">939.34</subfield>
         <subfield code="2">23</subfield>
      </datafield>
      <datafield tag="245" ind1="0" ind2="0">
         <subfield code="a">Current research at Kültepe-Kanesh :</subfield>
         <subfield code="b">an interdisciplinary and integrative approach to trade networks, internationalism, and identity /</subfield>
         <subfield code="c">edited by Levent Atici, Fikri Kulakoğlu, Gojko Barjamovic, and Andrew Fairbairn.</subfield>
      </datafield>
      <datafield tag="264" ind1=" " ind2="1">
         <subfield code="a">Atlanta :</subfield>
         <subfield code="b">Lockwood Press,</subfield>
         <subfield code="c">2014.</subfield>
      </datafield>
      <datafield tag="264" ind1=" " ind2="4">
         <subfield code="c">©2014</subfield>
      </datafield>
      <datafield tag="300" ind1=" " ind2=" ">
         <subfield code="a">ix, 222 pages :</subfield>
         <subfield code="b">illustrations, maps ;</subfield>
         <subfield code="c">29 cm.</subfield>
      </datafield>
      <datafield tag="336" ind1=" " ind2=" ">
         <subfield code="a">text</subfield>
         <subfield code="b">txt</subfield>
         <subfield code="2">rdacontent</subfield>
      </datafield>
      <datafield tag="337" ind1=" " ind2=" ">
         <subfield code="a">unmediated</subfield>
         <subfield code="b">n</subfield>
         <subfield code="2">rdamedia</subfield>
      </datafield>
      <datafield tag="338" ind1=" " ind2=" ">
         <subfield code="a">volume</subfield>
         <subfield code="b">nc</subfield>
         <subfield code="2">rdacarrier</subfield>
      </datafield>
      <datafield tag="490" ind1="1" ind2=" ">
         <subfield code="a">Journal of cuneiform studies. Supplemental series ;</subfield>
         <subfield code="v">number 4</subfield>
      </datafield>
      <datafield tag="500" ind1=" " ind2=" ">
         <subfield code="a">Revised conference papers.</subfield>
      </datafield>
      <datafield tag="504" ind1=" " ind2=" ">
         <subfield code="a">Includes bibliographical references and indexes.</subfield>
      </datafield>
      <datafield tag="505" ind1="0" ind2="0">
         <subfield code="t">Integrating Current Research at Kültepe-Kanesh /</subfield>
         <subfield code="r">Atici, Levent Atici --</subfield>
         <subfield code="r">Kulakoğlu, Fikri --</subfield>
         <subfield code="r">Barjamovic, Gojko --</subfield>
         <subfield code="r">Fairbairn, Andrew --</subfield>
         <subfield code="t">Kültepe-Kanesh in the Early Bronze Age /</subfield>
         <subfield code="r">Ezer, Sabahattin --</subfield>
         <subfield code="t">Lower Town of Kültepe : Urban Layout and Population /</subfield>
         <subfield code="r">Hertel, Thomas Klitgaard --</subfield>
         <subfield code="t">Size of Kanesh and the Demography of Early Middle Bronze Age Anatolia /</subfield>
         <subfield code="r">Barjamovic, Gojko --</subfield>
         <subfield code="t">Considerations on the Assyrian Settlement at Kanesh /</subfield>
         <subfield code="r">Michel, Cécile --</subfield>
         <subfield code="t">Kanesh after the Assyrian Colony Period : Current Research at Kültepe and the Question of the End of the Bronze Age Settlement /</subfield>
         <subfield code="r">Kulakoğlu, Fikri --</subfield>
         <subfield code="t">Archaeological Survey in the Vicinity of Kültepe, Kayseri Province, Turkey /</subfield>
         <subfield code="r">Kontani, Ryoichi --</subfield>
         <subfield code="r">Sudo, Hiroshi --</subfield>
         <subfield code="r">Yamaguchi, Yuji --</subfield>
         <subfield code="r">Hayakawa, Yuichi S. --</subfield>
         <subfield code="r">Odaka, Takahiro --</subfield>
         <subfield code="t">Old Assyrian Glyptic Style : An Investigation of a Seal Style, Its Owners, and Place of Production /</subfield>
         <subfield code="r">Lassen, Agnete Wisti --</subfield>
         <subfield code="t">Behind the Scenes : A Look at Seal Carvers as Artists and Artisans in the Old Assyrian Period /</subfield>
         <subfield code="r">Topcuoğlu, Oya --</subfield>
         <subfield code="t">Metal Technology, Organization, and the Evolution of Long-Distance Trade at Kültepe /</subfield>
         <subfield code="r">Lehner, Joseph W. --</subfield>
         <subfield code="t">Human Remains from Kültepe-Kanesh : Preliminary Results of the Old Assyrian Burials from the 2005-2008 Excavations /</subfield>
         <subfield code="r">Üstündağ, Handan --</subfield>
         <subfield code="t">Preliminary Archaeobotanical Investigations of Plant Production, Consumption, and Trade at Bronze Age Kültepe-Kanesh /</subfield>
         <subfield code="r">Fairbairn, Andrew --</subfield>
         <subfield code="t">Food and Ethnicity at Kültepe-Kanesh : Preliminary Zooarchaeological Evidence /</subfield>
         <subfield code="r">Atici, Levent --</subfield>
         <subfield code="t">Kanesh, the City /</subfield>
         <subfield code="r">Yoffee, Norman.</subfield>
      </datafield>
      <datafield tag="651" ind1=" " ind2="0">
         <subfield code="a">Kanesh (Extinct city)</subfield>
         <subfield code="v">Congresses.</subfield>
      </datafield>
      <datafield tag="650" ind1=" " ind2="0">
         <subfield code="a">Excavations (Archaeology)</subfield>
         <subfield code="z">Turkey</subfield>
         <subfield code="z">Kanesh (Extinct city)</subfield>
         <subfield code="v">Congresses.</subfield>
      </datafield>
      <datafield tag="651" ind1=" " ind2="0">
         <subfield code="a">Turkey</subfield>
         <subfield code="x">Antiquities</subfield>
         <subfield code="v">Congresses.</subfield>
      </datafield>
      <datafield tag="651" ind1=" " ind2="7">
         <subfield code="a">Turkey</subfield>
         <subfield code="z">Kanesh (Extinct city)</subfield>
         <subfield code="2">fast</subfield>
         <subfield code="0">(OCoLC)fst01897027</subfield>
      </datafield>
      <datafield tag="655" ind1=" " ind2="7">
         <subfield code="a">Conference proceedings.</subfield>
         <subfield code="2">fast</subfield>
         <subfield code="0">(OCoLC)fst01423772</subfield>
      </datafield>
      <datafield tag="700" ind1="1" ind2=" ">
         <subfield code="a">Atici, Levent,</subfield>
         <subfield code="e">editor.</subfield>
         <subfield code="4">edt</subfield>
      </datafield>
      <datafield tag="700" ind1="1" ind2=" ">
         <subfield code="a">Kulakoğlu, Fikri,</subfield>
         <subfield code="e">editor.</subfield>
         <subfield code="4">edt</subfield>
      </datafield>
      <datafield tag="700" ind1="1" ind2=" ">
         <subfield code="a">Barjamovic, Gojko,</subfield>
         <subfield code="e">editor.</subfield>
         <subfield code="4">edt</subfield>
      </datafield>
      <datafield tag="700" ind1="1" ind2=" ">
         <subfield code="a">Fairbairn, Andrew S.</subfield>
         <subfield code="e">editor.</subfield>
         <subfield code="4">edt</subfield>
      </datafield>
      <datafield tag="710" ind1="2" ind2=" ">
         <subfield code="a">American Schools of Oriental Research.</subfield>
      </datafield>
      <datafield tag="830" ind1=" " ind2="0">
         <subfield code="a">Journal of cuneiform studies.</subfield>
         <subfield code="p">Supplemental series ;</subfield>
         <subfield code="v">no. 4.</subfield>
      </datafield>
      <datafield tag="994" ind1=" " ind2=" ">
         <subfield code="a">Z0</subfield>
         <subfield code="b">ZYU</subfield>
      </datafield>
      <datafield tag="OWN" ind1=" " ind2=" ">
         <subfield code="a">GENERAL</subfield>
      </datafield>
      <datafield tag="AVA" ind1=" " ind2=" ">
         <subfield code="a">NYU50</subfield>
         <subfield code="b">NISAW</subfield>
         <subfield code="c">Large Collection</subfield>
         <subfield code="d">DS156.K85 C977 2014</subfield>
         <subfield code="e">available</subfield>
         <subfield code="t">Available</subfield>
         <subfield code="f">1</subfield>
         <subfield code="g">0</subfield>
         <subfield code="h">N</subfield>
         <subfield code="i">0</subfield>
         <subfield code="j">LARGE</subfield>
         <subfield code="k">0</subfield>
      </datafield>
      <marc:datafield tag="852" ind1=" " ind2=" ">
         <marc:subfield code="b">Institute for the Study of the Ancient World, </marc:subfield>
         <marc:subfield code="c">Large Collection</marc:subfield>
         <marc:subfield code="e">15 East 84th St., </marc:subfield>
         <marc:subfield code="e">New York, NY  10028</marc:subfield>
      </marc:datafield>
   </record>