
  
  
  
  
  
 
  
  <record xsi:schemaLocation="http://www.loc.gov/MARC21/slim http://www.loc.gov/standards/marcxml/schema/MARC21slim.xsd">
      <leader>     nam a22002774a 45M</leader>
      <controlfield tag="FMT">BK</controlfield>
      <controlfield tag="LDR">     nam a22002774a 45M</controlfield>
      <controlfield tag="001">000751315</controlfield>
      <controlfield tag="003">NNU</controlfield>
      <controlfield tag="005">20020522093309.0</controlfield>
      <controlfield tag="008">020212s2000    gw a     b    000 0 ger c</controlfield>
      <datafield tag="016" ind1="7" ind2=" ">
         <subfield code="a">958115788</subfield>
         <subfield code="2">GyFmDB</subfield>
      </datafield>
      <datafield tag="020" ind1=" " ind2=" ">
         <subfield code="a">3786119473</subfield>
      </datafield>
      <datafield tag="035" ind1="9" ind2=" ">
         <subfield code="a">NYUb12544069</subfield>
      </datafield>
      <datafield tag="035" ind1=" " ind2=" ">
         <subfield code="a">(OCoLC)ocm48982994</subfield>
      </datafield>
      <datafield tag="040" ind1=" " ind2=" ">
         <subfield code="a">CGU</subfield>
         <subfield code="c">CGU</subfield>
         <subfield code="d">OHX</subfield>
      </datafield>
      <datafield tag="042" ind1=" " ind2=" ">
         <subfield code="a">pcc</subfield>
      </datafield>
      <datafield tag="050" ind1=" " ind2="4">
         <subfield code="a">CJ1071</subfield>
         <subfield code="b">.N648 2000</subfield>
      </datafield>
      <datafield tag="072" ind1=" " ind2="7">
         <subfield code="a">CJ</subfield>
         <subfield code="2">lcco</subfield>
      </datafield>
      <datafield tag="100" ind1="1" ind2=" ">
         <subfield code="a">Noeske, Hans-Christoph.</subfield>
      </datafield>
      <datafield tag="245" ind1="1" ind2="0">
         <subfield code="a">Münzfunde aus Ägypten.</subfield>
         <subfield code="n">I,</subfield>
         <subfield code="p">Die Münzfunde des ägyptischen Pilgerzentrums Abu Mina und die Vergleichsfunde aus den Diocesen Aegyptus und Oriens vom 4.-8. Jh. n. Chr. : Prolegomena zu einer Geschichte des spätrömischen Münzumlaufs in Ägypten und Syrien /</subfield>
         <subfield code="c">von Hans-Christoph Noeske.</subfield>
      </datafield>
      <datafield tag="246" ind1="3" ind2="0">
         <subfield code="a">Münzfunde des ägyptischen Pilgerzentrums Abu Mina und die Vergleichsfunde aus den Diocesen Aegyptus und Oriens vom 4.-8. Jh. n. Chr.</subfield>
      </datafield>
      <datafield tag="246" ind1="3" ind2="0">
         <subfield code="a">Prolegomena zu einer Geschichte des spätrömischen Münzumlaufs in Ägypten und Syrien</subfield>
      </datafield>
      <datafield tag="260" ind1=" " ind2=" ">
         <subfield code="a">Berlin :</subfield>
         <subfield code="b">Gebr. Mann Verlag,</subfield>
         <subfield code="c">2000.</subfield>
      </datafield>
      <datafield tag="300" ind1=" " ind2=" ">
         <subfield code="a">3 v. :</subfield>
         <subfield code="b">ill. ;</subfield>
         <subfield code="c">24 cm.</subfield>
      </datafield>
      <datafield tag="490" ind1="1" ind2=" ">
         <subfield code="a">Studien zu Fundmünzen der Antike ;</subfield>
         <subfield code="v">Bd. 12</subfield>
      </datafield>
      <datafield tag="650" ind1=" " ind2="0">
         <subfield code="a">Coin hoards</subfield>
         <subfield code="z">Egypt.</subfield>
      </datafield>
      <datafield tag="650" ind1=" " ind2="0">
         <subfield code="a">Coins, Roman</subfield>
         <subfield code="z">Egypt.</subfield>
      </datafield>
      <datafield tag="830" ind1=" " ind2="0">
         <subfield code="a">Studien zu Fundmünzen der Antike ;</subfield>
         <subfield code="v">Bd. 12.</subfield>
      </datafield>
      <datafield tag="OWN" ind1=" " ind2=" ">
         <subfield code="a">GENERAL</subfield>
      </datafield>
      <datafield tag="AVA" ind1=" " ind2=" ">
         <subfield code="a">NYU50</subfield>
         <subfield code="b">NISAW</subfield>
         <subfield code="c">Small Collection</subfield>
         <subfield code="d">CJ1071 .N648 2000</subfield>
         <subfield code="e">available</subfield>
         <subfield code="t">Available</subfield>
         <subfield code="f">3</subfield>
         <subfield code="g">0</subfield>
         <subfield code="h">Y</subfield>
         <subfield code="i">17</subfield>
         <subfield code="j">SMALL</subfield>
         <subfield code="k">0</subfield>
      </datafield>
      <marc:datafield tag="852" ind1=" " ind2=" ">
         <marc:subfield code="b">Institute for the Study of the Ancient World, </marc:subfield>
         <marc:subfield code="c">Small Collection</marc:subfield>
         <marc:subfield code="e">15 East 84th St., </marc:subfield>
         <marc:subfield code="e">New York, NY  10028</marc:subfield>
      </marc:datafield>
   </record>