
  
  
  
  
  
  
 
  
  <record xsi:schemaLocation="http://www.loc.gov/MARC21/slim http://www.loc.gov/standards/marcxml/schema/MARC21slim.xsd">
      <leader>00000cam  2200457 i 4500</leader>
      <controlfield tag="FMT">BK</controlfield>
      <controlfield tag="LDR">00000cam  2200457 i 4500</controlfield>
      <controlfield tag="001">004025037</controlfield>
      <controlfield tag="003">OCoLC</controlfield>
      <controlfield tag="005">20141219154820.0</controlfield>
      <controlfield tag="008">140725t20142014gw abe   b    101 0 ger d</controlfield>
      <datafield tag="016" ind1="7" ind2=" ">
         <subfield code="a">1050876016</subfield>
         <subfield code="2">GyFmDB</subfield>
      </datafield>
      <datafield tag="016" ind1="7" ind2=" ">
         <subfield code="a">1050876016</subfield>
         <subfield code="2">DE-101</subfield>
      </datafield>
      <datafield tag="020" ind1=" " ind2=" ">
         <subfield code="a">9783643124005</subfield>
         <subfield code="q">paperback</subfield>
      </datafield>
      <datafield tag="020" ind1=" " ind2=" ">
         <subfield code="a">3643124007</subfield>
         <subfield code="q">paperback</subfield>
      </datafield>
      <datafield tag="035" ind1="7" ind2=" ">
         <subfield code="a">har140219070</subfield>
      </datafield>
      <datafield tag="035" ind1=" " ind2=" ">
         <subfield code="a">(OCoLC)884708409</subfield>
      </datafield>
      <datafield tag="040" ind1=" " ind2=" ">
         <subfield code="a">OHX</subfield>
         <subfield code="b">eng</subfield>
         <subfield code="e">rda</subfield>
         <subfield code="c">OHX</subfield>
         <subfield code="d">ERASA</subfield>
         <subfield code="d">EMU</subfield>
         <subfield code="d">CGU</subfield>
         <subfield code="d">FDA</subfield>
         <subfield code="d">ZCU</subfield>
         <subfield code="d">NNU</subfield>
      </datafield>
      <datafield tag="041" ind1="0" ind2=" ">
         <subfield code="a">ger</subfield>
         <subfield code="a">eng</subfield>
         <subfield code="b">eng</subfield>
         <subfield code="b">tur</subfield>
      </datafield>
      <datafield tag="041" ind1="0" ind2=" ">
         <subfield code="a">ger</subfield>
         <subfield code="a">eng</subfield>
      </datafield>
      <datafield tag="050" ind1=" " ind2="4">
         <subfield code="a">DR431</subfield>
         <subfield code="b">.S87 2014</subfield>
      </datafield>
      <datafield tag="072" ind1=" " ind2="7">
         <subfield code="a">DS</subfield>
         <subfield code="2">lcco</subfield>
      </datafield>
      <datafield tag="245" ind1="0" ind2="4">
         <subfield code="a">Die Surveys im Hermos- und Kaystrostal und die Grabungen an den Thermen von Metropolis (Ionien) sowie am Stadion von Magnesia am Mäander :</subfield>
         <subfield code="b">neue Methoden und Ergebnisse : Ergebnisse der internationalen und interdisziplinären Konferenz an der Universität Erlangen-Nürnberg vom 3.11.2012 /</subfield>
         <subfield code="c">Boris Dreyer (Hg.).</subfield>
      </datafield>
      <datafield tag="264" ind1=" " ind2="1">
         <subfield code="a">Berlin :</subfield>
         <subfield code="b">Lit,</subfield>
         <subfield code="c">[2014]</subfield>
      </datafield>
      <datafield tag="264" ind1=" " ind2="4">
         <subfield code="c">©2014</subfield>
      </datafield>
      <datafield tag="300" ind1=" " ind2=" ">
         <subfield code="a">199 pages :</subfield>
         <subfield code="b">illustrations (partly color), maps, plans ;</subfield>
         <subfield code="c">30 cm.</subfield>
      </datafield>
      <datafield tag="336" ind1=" " ind2=" ">
         <subfield code="a">text</subfield>
         <subfield code="2">rdacontent</subfield>
      </datafield>
      <datafield tag="337" ind1=" " ind2=" ">
         <subfield code="a">unmediated</subfield>
         <subfield code="2">rdamedia</subfield>
      </datafield>
      <datafield tag="338" ind1=" " ind2=" ">
         <subfield code="a">volume</subfield>
         <subfield code="2">rdacarrier</subfield>
      </datafield>
      <datafield tag="490" ind1="1" ind2=" ">
         <subfield code="a">Orient &amp; Occident in antiquity ;</subfield>
         <subfield code="v">volume 1 =</subfield>
         <subfield code="a">Orient &amp; Okzident in der Antike ;</subfield>
         <subfield code="v">Band 1</subfield>
      </datafield>
      <datafield tag="504" ind1=" " ind2=" ">
         <subfield code="a">Includes bibliographical references and indexes.</subfield>
      </datafield>
      <datafield tag="505" ind1="0" ind2="0">
         <subfield code="t">Hermes (Gediz) valley in Western Turkey : Archaeological and historical survey /</subfield>
         <subfield code="r">Meriç, Recep --</subfield>
         <subfield code="t">Althistorisch-archäologische Forschungen im Umland von Metropolis (Ionien) : Sinektepe und Chondria /</subfield>
         <subfield code="r">Dreyer, Boris --</subfield>
         <subfield code="r">Fleischmann, Kristina --</subfield>
         <subfield code="r">Schörner, Günther --</subfield>
         <subfield code="t">Hellenistic pottery from Metropolis in the light of the new research /</subfield>
         <subfield code="r">Meriç, Aygün Ekin --</subfield>
         <subfield code="t">Ausgrabungen am unteren (Han Yıkığı) römischen Bad und an der Palästra in Metropolis (Ionien) : Ein kurzer Bericht mit epigraphischem Anfang /</subfield>
         <subfield code="r">Aybek, Serdar --</subfield>
         <subfield code="t">Geodätische Erfassung ung GIS-gestützte Darstellung der antiken Stadt Metropolis/Ionien /</subfield>
         <subfield code="r">Vetter, Mark --</subfield>
         <subfield code="t">Die Dekrete des Apollonios aus Metropolis und der Aristonikos-Krieg /</subfield>
         <subfield code="r">Douwe Aike van --</subfield>
         <subfield code="t">Archäologische und epigraphische Untersuchungen am Stadion von Magnesia am Mäander (2009-2012) /</subfield>
         <subfield code="r">Bingöl, Orhan --</subfield>
         <subfield code="r">Dreyer, Boris --</subfield>
         <subfield code="t">Digital epigraphy in its archaeological context : The case of Metropolis, Magnesia &amp; Apollonia /</subfield>
         <subfield code="r">Holdenried, Marvin --</subfield>
         <subfield code="r">Roueché, Charlotte --</subfield>
         <subfield code="r">Scholz, Martin.</subfield>
      </datafield>
      <datafield tag="546" ind1=" " ind2=" ">
         <subfield code="a">Articles in German and English, with summaries in German, English and Turkish.</subfield>
      </datafield>
      <datafield tag="650" ind1=" " ind2="0">
         <subfield code="a">Excavations (Archaeology)</subfield>
         <subfield code="z">Turkey</subfield>
         <subfield code="v">Congresses.</subfield>
      </datafield>
      <datafield tag="651" ind1=" " ind2="0">
         <subfield code="a">Turkey</subfield>
         <subfield code="x">Antiquities</subfield>
         <subfield code="v">Congresses.</subfield>
      </datafield>
      <datafield tag="700" ind1="1" ind2=" ">
         <subfield code="a">Dreyer, Boris</subfield>
         <subfield code="e">editor.</subfield>
      </datafield>
      <datafield tag="830" ind1=" " ind2="0">
         <subfield code="a">Orient &amp; Occident in antiquity ;</subfield>
         <subfield code="v">v. 1.</subfield>
      </datafield>
      <datafield tag="OWN" ind1=" " ind2=" ">
         <subfield code="a">GENERAL</subfield>
      </datafield>
      <datafield tag="AVA" ind1=" " ind2=" ">
         <subfield code="a">NYU50</subfield>
         <subfield code="b">BOBST</subfield>
         <subfield code="c">Main Collection</subfield>
         <subfield code="d">DR431 .S87 2014</subfield>
         <subfield code="e">unavailable</subfield>
         <subfield code="t">Unavailable</subfield>
         <subfield code="f">1</subfield>
         <subfield code="g">1</subfield>
         <subfield code="h">N</subfield>
         <subfield code="i">0</subfield>
         <subfield code="j">MAIN</subfield>
         <subfield code="k">0</subfield>
      </datafield>
      <datafield tag="AVA" ind1=" " ind2=" ">
         <subfield code="a">NYU50</subfield>
         <subfield code="b">NISAW</subfield>
         <subfield code="c">Large Collection</subfield>
         <subfield code="d">DR431 .S87 2014</subfield>
         <subfield code="e">available</subfield>
         <subfield code="t">Available</subfield>
         <subfield code="f">1</subfield>
         <subfield code="g">0</subfield>
         <subfield code="h">N</subfield>
         <subfield code="i">0</subfield>
         <subfield code="j">LARGE</subfield>
         <subfield code="k">0</subfield>
      </datafield>
      <marc:datafield tag="852" ind1=" " ind2=" ">
         <marc:subfield code="b">Institute for the Study of the Ancient World, </marc:subfield>
         <marc:subfield code="c">Large Collection</marc:subfield>
         <marc:subfield code="e">15 East 84th St., </marc:subfield>
         <marc:subfield code="e">New York, NY  10028</marc:subfield>
      </marc:datafield>
   </record>