
  
  
  
  
  
 
  
  <record xsi:schemaLocation="http://www.loc.gov/MARC21/slim http://www.loc.gov/standards/marcxml/schema/MARC21slim.xsd">
      <leader>00000cam  2200397 a 4500</leader>
      <controlfield tag="FMT">BK</controlfield>
      <controlfield tag="LDR">00000cam  2200397 a 4500</controlfield>
      <controlfield tag="001">004084646</controlfield>
      <controlfield tag="003">OCoLC</controlfield>
      <controlfield tag="005">20141222163028.0</controlfield>
      <controlfield tag="008">141222s1993    cc       b    000 0 chi d</controlfield>
      <datafield tag="020" ind1=" " ind2=" ">
         <subfield code="a">7805471487</subfield>
      </datafield>
      <datafield tag="020" ind1=" " ind2=" ">
         <subfield code="a">9787805471488</subfield>
      </datafield>
      <datafield tag="035" ind1=" " ind2=" ">
         <subfield code="a">(OCoLC)52292778</subfield>
      </datafield>
      <datafield tag="040" ind1=" " ind2=" ">
         <subfield code="a">WAU</subfield>
         <subfield code="c">WAU</subfield>
         <subfield code="d">OCLCF</subfield>
         <subfield code="d">OCLCO</subfield>
         <subfield code="d">ZYU</subfield>
         <subfield code="d">NNU</subfield>
      </datafield>
      <datafield tag="050" ind1=" " ind2="4">
         <subfield code="a">BL1945.Q48</subfield>
         <subfield code="b">Q58 1993</subfield>
      </datafield>
      <datafield tag="066" ind1=" " ind2=" ">
         <subfield code="c">$1</subfield>
      </datafield>
      <datafield tag="245" ind1="0" ind2="0">
         <subfield code="6">880-01</subfield>
         <subfield code="a">Qiuci fo jiao wen hua lun ji /</subfield>
         <subfield code="c">Xinjiang Qiuci shi ku yan jiu suo [bian]</subfield>
      </datafield>
      <datafield tag="246" ind1="3" ind2="0">
         <subfield code="6">880-02</subfield>
         <subfield code="a">Fo jiao wen hua lun ji</subfield>
      </datafield>
      <datafield tag="250" ind1=" " ind2=" ">
         <subfield code="6">880-03</subfield>
         <subfield code="a">Di 1 ban.</subfield>
      </datafield>
      <datafield tag="260" ind1=" " ind2=" ">
         <subfield code="6">880-04</subfield>
         <subfield code="a">Wulumuqi Shi :</subfield>
         <subfield code="b">Xinjiang mei shu she ying chu ban she,</subfield>
         <subfield code="c">1993.</subfield>
      </datafield>
      <datafield tag="300" ind1=" " ind2=" ">
         <subfield code="a">4, 2, 2, 400 p. ;</subfield>
         <subfield code="c">21 cm.</subfield>
      </datafield>
      <datafield tag="504" ind1=" " ind2=" ">
         <subfield code="a">Includes bibliographical references.</subfield>
      </datafield>
      <datafield tag="505" ind1="0" ind2="0">
         <subfield code="6">880-05</subfield>
         <subfield code="g">Di yi bian.</subfield>
         <subfield code="t">Tuhuoluo yu de fa xian yu kao shi ji qi zai Zhong Yin wen hua jiao liu zhong de zuo yong /</subfield>
         <subfield code="r">Ji Xianlin --</subfield>
         <subfield code="t">Jiumoluoshi nian biao kao lüe /</subfield>
         <subfield code="r">Chen Shiliang --</subfield>
         <subfield code="t">Lüe lun Jiumoluoshi /</subfield>
         <subfield code="r">Yin Ding --</subfield>
         <subfield code="t">Qiuci fo si zhi yan jiu /</subfield>
         <subfield code="r">Han Xiang, Chen Shiliang --</subfield>
         <subfield code="g">Di er bian.</subfield>
         <subfield code="t">Kezierbo fen dong ku jie duan hua fen yu nian dai deng wen ti de chu bu tan suo /</subfield>
         <subfield code="r">Su Bai --</subfield>
         <subfield code="t">Dan qing ban bo shang cun jin bi: Qiuci shi ku bi hua xin shang /</subfield>
         <subfield code="r">Tan Shutong --</subfield>
         <subfield code="t">Qiuci feng bi hua chu tan /</subfield>
         <subfield code="r">Yuan Tinghe --</subfield>
         <subfield code="t">Qiuci shi ku xing cheng de li shi tiao jian /</subfield>
         <subfield code="r">Zhu Shirong --</subfield>
         <subfield code="t">Kezier shi ku de dong ku fen lei yu shi ku si yuan de zu cheng /</subfield>
         <subfield code="r">Chao Huashan --</subfield>
         <subfield code="t">Dan qing ban bo qian qiu zhuang guan: Kezier shi ku bi hua yi shu ji fen qi gai shu /</subfield>
         <subfield code="r">Huo Xuchu, Wang Jianlin --</subfield>
         <subfield code="t">Kezier yu Mogaoku de nie pan jing bian hua bi jiao yan jiu /</subfield>
         <subfield code="r">Jia Yingyu --</subfield>
         <subfield code="t">Kezier Qianfodong de Adu shi wang ti cai bi hua /</subfield>
         <subfield code="r">Yao Shihong --</subfield>
         <subfield code="t">Lun Kezier shi ku ji yue bi hua /</subfield>
         <subfield code="r">Huo Xuchu --</subfield>
         <subfield code="t">Kumutola de Han feng dong ku /</subfield>
         <subfield code="r">Ma Shichang --</subfield>
         <subfield code="t">Kumutula shi ku bi hua feng ge yan bian yu gu dai Qiuci de li shi xing shuai /</subfield>
         <subfield code="r">Wu Zhao --</subfield>
         <subfield code="t">Ji liang chu dian xing de Qiuci shi ku /</subfield>
         <subfield code="r">Senmusaimu yu Keziergaha shi ku /</subfield>
         <subfield code="r">Ding Mingyi --</subfield>
         <subfield code="t">Taitaier shi ku ta cha ji /</subfield>
         <subfield code="r">Xu Wanyin.</subfield>
      </datafield>
      <datafield tag="505" ind1="0" ind2="0">
         <subfield code="g">Part one.</subfield>
         <subfield code="t">Discovery and research of Tokharian and the role played by the language in the culturan interchange between China and India /</subfield>
         <subfield code="r">Ji Xianlin --</subfield>
         <subfield code="t">Study of a chronicle of Kumarajiva /</subfield>
         <subfield code="r">Chen Shiliang --</subfield>
         <subfield code="t">Study of Kumarajiva /</subfield>
         <subfield code="r">Yin Ding</subfield>
         <subfield code="t">Study of Kucha Buddist temples /</subfield>
         <subfield code="r">Han Xiang, Chen Shiliang --</subfield>
         <subfield code="g">Part two.</subfield>
         <subfield code="t">Study of the temporal division of part of the Kizil Caves and the dates of their construction /</subfield>
         <subfield code="r">Su Bai --</subfield>
         <subfield code="t">Traces of the once brilliant murals : a review of the Kucha Cave murals /</subfield>
         <subfield code="r">Tan Shutong --</subfield>
         <subfield code="t">Study of murals of Kucha style /</subfield>
         <subfield code="r">Yuan Tinghe --</subfield>
         <subfield code="t">Historical conditions of the formation of Kucha caves /</subfield>
         <subfield code="r">Zhu Yingrong --</subfield>
         <subfield code="t">Classification of Kizil Caves and composition of the cave temples /</subfield>
         <subfield code="r">Chao Huashan --</subfield>
         <subfield code="t">Evidence of the treasure house of a great art: a survey of Kizil mural art and its temporial division /</subfield>
         <subfield code="r">Huo Xuchu, Wang Jianlin --</subfield>
         <subfield code="t">Comparative study of Kizil and Mogaoku Nirvana Sutra bian /</subfield>
         <subfield code="r">Jia Yingyi --</subfield>
         <subfield code="t">Kizil Caves' murals of the theme of King Ajatashutru /</subfield>
         <subfield code="r">Yao Shihong --</subfield>
         <subfield code="t">On Kizil murals of Deva-musicians /</subfield>
         <subfield code="r">Huo Xuchu --</subfield>
         <subfield code="t">Kumtura Caves of Han dynasty style /</subfield>
         <subfield code="r">Ma Shichang --</subfield>
         <subfield code="t">Evolution of the style of Kumtura murals and the hsitorical development of ancient Kucha /</subfield>
         <subfield code="r">Wu Zhuo --</subfield>
         <subfield code="t">Two groups of typical Kucha caves: Simsim and Kizilgaha Caves /</subfield>
         <subfield code="r">Ding Mingyi --</subfield>
         <subfield code="t">Visit to Taitair Caves for exploration /</subfield>
         <subfield code="r">Wu Wanyin.</subfield>
      </datafield>
      <datafield tag="651" ind1=" " ind2="0">
         <subfield code="a">Kuqa Xian (China)</subfield>
         <subfield code="6">880-06</subfield>
         <subfield code="x">Buddhism</subfield>
         <subfield code="x">History.</subfield>
      </datafield>
      <datafield tag="650" ind1=" " ind2="7">
         <subfield code="a">Buddhism.</subfield>
         <subfield code="2">fast</subfield>
         <subfield code="0">(OCoLC)fst00840028</subfield>
      </datafield>
      <datafield tag="651" ind1=" " ind2="7">
         <subfield code="a">China</subfield>
         <subfield code="z">Kuqa Xian.</subfield>
         <subfield code="2">fast</subfield>
         <subfield code="0">(OCoLC)fst01236202</subfield>
      </datafield>
      <datafield tag="655" ind1=" " ind2="7">
         <subfield code="a">History.</subfield>
         <subfield code="2">fast</subfield>
         <subfield code="0">(OCoLC)fst01411628</subfield>
      </datafield>
      <datafield tag="710" ind1="2" ind2=" ">
         <subfield code="6">880-07</subfield>
         <subfield code="a">Xinjiang Qiuci shi ku yan jiu suo.</subfield>
      </datafield>
      <datafield tag="880" ind1="0" ind2="0">
         <subfield code="6">245-01/</subfield>
         <subfield code="a">龟兹佛敎文化论集 /</subfield>
         <subfield code="c">新疆龟兹石窟硏究所[编]</subfield>
      </datafield>
      <datafield tag="880" ind1="3" ind2="0">
         <subfield code="6">246-02/</subfield>
         <subfield code="a">佛敎文化论集</subfield>
      </datafield>
      <datafield tag="880" ind1=" " ind2=" ">
         <subfield code="6">250-03/</subfield>
         <subfield code="a">第1版.</subfield>
      </datafield>
      <datafield tag="880" ind1=" " ind2=" ">
         <subfield code="6">260-04/</subfield>
         <subfield code="a">乌鲁木齐市 :</subfield>
         <subfield code="b">新疆美术摄影出版社,</subfield>
         <subfield code="c">1993.</subfield>
      </datafield>
      <datafield tag="880" ind1="0" ind2="0">
         <subfield code="6">505-05/</subfield>
         <subfield code="g">第一编.</subfield>
         <subfield code="t">吐火罗语的发现与考释及其在中印文化交流中的作用 /</subfield>
         <subfield code="r">季羡林 --</subfield>
         <subfield code="t">鸠摩罗什年表考略 /</subfield>
         <subfield code="r">陈世良 --</subfield>
         <subfield code="t">略论鸠摩罗什 /</subfield>
         <subfield code="r">殷鼎 --</subfield>
         <subfield code="t">龟兹佛寺之研究 /</subfield>
         <subfield code="r">韩翔, 陈世良 --</subfield>
         <subfield code="g">第二编.</subfield>
         <subfield code="t">克孜尔波分洞窟阶段划分与年代等问题的初步探索 /</subfield>
         <subfield code="r">宿白 --</subfield>
         <subfield code="t">丹青斑驳尚存金碧: 龟兹石窟壁画欣赏 /</subfield>
         <subfield code="r">谭树桐 --</subfield>
         <subfield code="t">龟兹风壁画初探 /</subfield>
         <subfield code="r">袁廷鹤 --</subfield>
         <subfield code="t">龟兹石窟形成的历史条件 /</subfield>
         <subfield code="r">朱英荣 --</subfield>
         <subfield code="t">克孜尔石窟的洞窟分类与石窟寺院的组成 /</subfield>
         <subfield code="r">晁华山 --</subfield>
         <subfield code="t">丹青斑驳千秋壮观: 克孜尔石窟壁画艺术及分期概述 /</subfield>
         <subfield code="r">霍旭初, 王建林 --</subfield>
         <subfield code="t">克孜尔与莫高窟的涅槃经变化比较研究 /</subfield>
         <subfield code="r">贾应逸 --</subfield>
         <subfield code="t">克孜尔千佛洞的阿阇世王题材壁画 /</subfield>
         <subfield code="r">姚士宏 --</subfield>
         <subfield code="t">论克孜尔石窟伎乐壁画 /</subfield>
         <subfield code="r">霍旭初 --</subfield>
         <subfield code="t">库木吐拉的汉风洞窟 /</subfield>
         <subfield code="r">马世长 --</subfield>
         <subfield code="t">库木吐拉石窟壁画风格演变与古代龟兹的历史兴衰 /</subfield>
         <subfield code="r">吴焯 --</subfield>
         <subfield code="t">记两处典型的龟兹石窟 /</subfield>
         <subfield code="r">森木塞姆与克孜尔尕哈石窟 /</subfield>
         <subfield code="r">丁明夷 --</subfield>
         <subfield code="t">台台尔石窟踏察记 /</subfield>
         <subfield code="r">许宛音.</subfield>
      </datafield>
      <datafield tag="880" ind1=" " ind2="0">
         <subfield code="6">651-06/</subfield>
         <subfield code="a">库车县(中囯)</subfield>
         <subfield code="x">Buddhism</subfield>
         <subfield code="x">History.</subfield>
      </datafield>
      <datafield tag="880" ind1="2" ind2=" ">
         <subfield code="6">710-07/</subfield>
         <subfield code="a">新疆龟茲石窟硏究所.</subfield>
      </datafield>
      <datafield tag="994" ind1=" " ind2=" ">
         <subfield code="a">Z0</subfield>
         <subfield code="b">ZYU</subfield>
      </datafield>
      <datafield tag="OWN" ind1=" " ind2=" ">
         <subfield code="a">GENERAL</subfield>
      </datafield>
      <datafield tag="AVA" ind1=" " ind2=" ">
         <subfield code="a">NYU50</subfield>
         <subfield code="b">NISAW</subfield>
         <subfield code="c">Small Collection</subfield>
         <subfield code="d">BL1945.Q48 Q58 1993</subfield>
         <subfield code="e">available</subfield>
         <subfield code="t">Available</subfield>
         <subfield code="f">1</subfield>
         <subfield code="g">0</subfield>
         <subfield code="h">N</subfield>
         <subfield code="i">0</subfield>
         <subfield code="j">SMALL</subfield>
         <subfield code="k">0</subfield>
      </datafield>
      <marc:datafield tag="852" ind1=" " ind2=" ">
         <marc:subfield code="b">Institute for the Study of the Ancient World, </marc:subfield>
         <marc:subfield code="c">Small Collection</marc:subfield>
         <marc:subfield code="e">15 East 84th St., </marc:subfield>
         <marc:subfield code="e">New York, NY  10028</marc:subfield>
      </marc:datafield>
   </record>