
  
  
  
  
  
 
  
  <record xsi:schemaLocation="http://www.loc.gov/MARC21/slim http://www.loc.gov/standards/marcxml/schema/MARC21slim.xsd">
      <leader>00000cam  2200565 i 4500</leader>
      <controlfield tag="FMT">BK</controlfield>
      <controlfield tag="LDR">00000cam  2200565 i 4500</controlfield>
      <controlfield tag="001">004084901</controlfield>
      <controlfield tag="003">OCoLC</controlfield>
      <controlfield tag="005">20141223120237.0</controlfield>
      <controlfield tag="008">141223s2013    enkab    b    100 0 eng</controlfield>
      <datafield tag="010" ind1=" " ind2=" ">
         <subfield code="a">2013007802</subfield>
      </datafield>
      <datafield tag="020" ind1=" " ind2=" ">
         <subfield code="a">9781782971979</subfield>
      </datafield>
      <datafield tag="020" ind1=" " ind2=" ">
         <subfield code="a">1782971971</subfield>
      </datafield>
      <datafield tag="024" ind1="8" ind2=" ">
         <subfield code="a">40022503504</subfield>
      </datafield>
      <datafield tag="035" ind1=" " ind2=" ">
         <subfield code="a">(OCoLC)830206119</subfield>
      </datafield>
      <datafield tag="040" ind1=" " ind2=" ">
         <subfield code="a">DLC</subfield>
         <subfield code="b">eng</subfield>
         <subfield code="e">rda</subfield>
         <subfield code="c">DLC</subfield>
         <subfield code="d">OCLCO</subfield>
         <subfield code="d">YDXCP</subfield>
         <subfield code="d">CDX</subfield>
         <subfield code="d">YUS</subfield>
         <subfield code="d">NLGGC</subfield>
         <subfield code="d">IXA</subfield>
         <subfield code="d">OCLCO</subfield>
         <subfield code="d">CHVBK</subfield>
         <subfield code="d">OCLCQ</subfield>
         <subfield code="d">NNU</subfield>
      </datafield>
      <datafield tag="042" ind1=" " ind2=" ">
         <subfield code="a">pcc</subfield>
      </datafield>
      <datafield tag="043" ind1=" " ind2=" ">
         <subfield code="a">e------</subfield>
         <subfield code="a">aw-----</subfield>
         <subfield code="a">ff-----</subfield>
      </datafield>
      <datafield tag="050" ind1="0" ind2="0">
         <subfield code="a">DG12.5</subfield>
         <subfield code="b">.T44 2012</subfield>
      </datafield>
      <datafield tag="082" ind1="0" ind2="0">
         <subfield code="a">937</subfield>
         <subfield code="2">23</subfield>
      </datafield>
      <datafield tag="111" ind1="2" ind2=" ">
         <subfield code="a">Theoretical Roman Archaeology Conference</subfield>
         <subfield code="n">(22nd :</subfield>
         <subfield code="d">2012 :</subfield>
         <subfield code="c">Universität Frankfurt am Main)</subfield>
      </datafield>
      <datafield tag="245" ind1="1" ind2="0">
         <subfield code="a">TRAC 2012 :</subfield>
         <subfield code="b">proceedings of the twenty-second annual Theoretical Roman Archaeology Conference which took place at Goethe University in Frankfurt 29 March-1 April 2012 /</subfield>
         <subfield code="c">edited by Annabel Bokern, Marion Bolder-Boos, Stefan Krmnicek, Dominik Maschek and Sven Page.</subfield>
      </datafield>
      <datafield tag="246" ind1="3" ind2=" ">
         <subfield code="a">Theoretical Roman Archaeology Conference 2012</subfield>
      </datafield>
      <datafield tag="264" ind1=" " ind2="1">
         <subfield code="a">Oxford, UK :</subfield>
         <subfield code="b">Oxbow Books ;</subfield>
         <subfield code="a">Oakville, CT :</subfield>
         <subfield code="b">David Brown Book Company,</subfield>
         <subfield code="c">2013.</subfield>
      </datafield>
      <datafield tag="300" ind1=" " ind2=" ">
         <subfield code="a">xi, 200 pages :</subfield>
         <subfield code="b">illustrations, maps ;</subfield>
         <subfield code="c">25 cm</subfield>
      </datafield>
      <datafield tag="336" ind1=" " ind2=" ">
         <subfield code="a">text</subfield>
         <subfield code="b">txt</subfield>
         <subfield code="2">rdacontent</subfield>
      </datafield>
      <datafield tag="337" ind1=" " ind2=" ">
         <subfield code="a">unmediated</subfield>
         <subfield code="b">n</subfield>
         <subfield code="2">rdamedia</subfield>
      </datafield>
      <datafield tag="338" ind1=" " ind2=" ">
         <subfield code="a">volume</subfield>
         <subfield code="b">nc</subfield>
         <subfield code="2">rdacarrier</subfield>
      </datafield>
      <datafield tag="504" ind1=" " ind2=" ">
         <subfield code="a">Includes bibliographical references.</subfield>
      </datafield>
      <datafield tag="505" ind1="0" ind2="0">
         <subfield code="t">Marks of imitation or signs of originality? : an approach to structural -- Supports in Roman marble statuary /</subfield>
         <subfield code="r">Anguissola, Anna --</subfield>
         <subfield code="t">Equites and senators as agents of change : urban culture and elite self-representation in Thamugadi and Lepcis Magna (second-third centuries A.D.) /</subfield>
         <subfield code="r">Gilhaus, Lennart --</subfield>
         <subfield code="t">Sacra volsiniensia : civic religion in Volsinii after the Roman conquest /</subfield>
         <subfield code="r">Calapà, Annalisa --</subfield>
         <subfield code="t">Internal frontier : an African model for culture change in south central Italy (fourth-third centuries B.C.) /</subfield>
         <subfield code="r">Roth, Roman --</subfield>
         <subfield code="t">Street activity, dwellings and wall inscriptions in ancient Pompeii : a holistic study of neighbourhood relations /</subfield>
         <subfield code="r">Viitanen, Eeva-Maria --</subfield>
         <subfield code="r">Nissinen, Laura --</subfield>
         <subfield code="r">Korhonen, Kalle --</subfield>
         <subfield code="t">Understanding neighbourhood relations through shared structures : reappraising the value of insula-based studies /</subfield>
         <subfield code="r">Ynnilä, Heini --</subfield>
         <subfield code="t">Secondary doors in entranceways at Pompeii : reconsidering access and the "view from the street" /</subfield>
         <subfield code="r">Proudfoot, Evan --</subfield>
         <subfield code="t">Perception of Egypt in networks of being and becoming : a thing theory approach to Egyptianising objects in Roman domestic contexts /</subfield>
         <subfield code="r">Mol, Eva M. --</subfield>
         <subfield code="t">Hybrid bridges : an exploration into how traditionally "Romanised" elements of the town interacted with meaning-laden pre-historic waterscapes /</subfield>
         <subfield code="r">Ingate, Jay --</subfield>
         <subfield code="t">Romanisation in Gaul : new methodological approaches for the study of Gaulish fine wares (200 B.C.-A.D. 50) /</subfield>
         <subfield code="r">Barrier, Sylvie --</subfield>
         <subfield code="t">Transgendered archaeology : the Galli and the Catterick transvestite /</subfield>
         <subfield code="r">Pinto, Renato --</subfield>
         <subfield code="r">Pinto, Luciano C.G. --</subfield>
         <subfield code="t">Ritual landscapes of pre-Roman Britain : the margins of practice on the margins of the empire /</subfield>
         <subfield code="r">Garland, Nicky.</subfield>
      </datafield>
      <datafield tag="650" ind1=" " ind2="0">
         <subfield code="a">Romans</subfield>
         <subfield code="z">Europe</subfield>
         <subfield code="v">Congresses.</subfield>
      </datafield>
      <datafield tag="651" ind1=" " ind2="0">
         <subfield code="a">Europe</subfield>
         <subfield code="x">Antiquities, Roman</subfield>
         <subfield code="v">Congresses.</subfield>
      </datafield>
      <datafield tag="650" ind1=" " ind2="0">
         <subfield code="a">Archaeology</subfield>
         <subfield code="x">Philosophy</subfield>
         <subfield code="v">Congresses.</subfield>
      </datafield>
      <datafield tag="651" ind1=" " ind2="0">
         <subfield code="a">Rome</subfield>
         <subfield code="x">Antiquities</subfield>
         <subfield code="v">Congresses.</subfield>
      </datafield>
      <datafield tag="651" ind1=" " ind2="7">
         <subfield code="a">Romeinse rijk.</subfield>
         <subfield code="2">gtt</subfield>
      </datafield>
      <datafield tag="650" ind1=" " ind2="7">
         <subfield code="a">Archäologie.</subfield>
         <subfield code="0">(DE-588)4002827-6</subfield>
         <subfield code="2">gnd</subfield>
      </datafield>
      <datafield tag="651" ind1=" " ind2="7">
         <subfield code="a">Römisches Reich.</subfield>
         <subfield code="0">(DE-588)4076778-4</subfield>
         <subfield code="2">gnd</subfield>
      </datafield>
      <datafield tag="700" ind1="1" ind2=" ">
         <subfield code="a">Bokern, Annabel,</subfield>
         <subfield code="e">editor.</subfield>
      </datafield>
      <datafield tag="994" ind1=" " ind2=" ">
         <subfield code="a">Z0</subfield>
         <subfield code="b">ZYU</subfield>
      </datafield>
      <datafield tag="OWN" ind1=" " ind2=" ">
         <subfield code="a">GENERAL</subfield>
      </datafield>
      <datafield tag="AVA" ind1=" " ind2=" ">
         <subfield code="a">NYU50</subfield>
         <subfield code="b">NISAW</subfield>
         <subfield code="c">Small Collection</subfield>
         <subfield code="d">DG12.5 .T44 2012</subfield>
         <subfield code="e">available</subfield>
         <subfield code="t">Available</subfield>
         <subfield code="f">1</subfield>
         <subfield code="g">0</subfield>
         <subfield code="h">N</subfield>
         <subfield code="i">0</subfield>
         <subfield code="j">SMALL</subfield>
         <subfield code="k">0</subfield>
      </datafield>
      <marc:datafield tag="852" ind1=" " ind2=" ">
         <marc:subfield code="b">Institute for the Study of the Ancient World, </marc:subfield>
         <marc:subfield code="c">Small Collection</marc:subfield>
         <marc:subfield code="e">15 East 84th St., </marc:subfield>
         <marc:subfield code="e">New York, NY  10028</marc:subfield>
      </marc:datafield>
   </record>