
  
  
  
  
  
 
  
  <record xsi:schemaLocation="http://www.loc.gov/MARC21/slim http://www.loc.gov/standards/marcxml/schema/MARC21slim.xsd">
      <leader>00000cam  2200505 i 4500</leader>
      <controlfield tag="FMT">BK</controlfield>
      <controlfield tag="LDR">00000cam  2200505 i 4500</controlfield>
      <controlfield tag="001">004084923</controlfield>
      <controlfield tag="003">OCoLC</controlfield>
      <controlfield tag="005">20141223130913.0</controlfield>
      <controlfield tag="008">141223s2008    it       b    001 0 ita d</controlfield>
      <datafield tag="020" ind1=" " ind2=" ">
         <subfield code="a">9788813272654</subfield>
      </datafield>
      <datafield tag="020" ind1=" " ind2=" ">
         <subfield code="a">8813272650</subfield>
      </datafield>
      <datafield tag="035" ind1=" " ind2=" ">
         <subfield code="a">(OCoLC)327145231</subfield>
      </datafield>
      <datafield tag="040" ind1=" " ind2=" ">
         <subfield code="a">C3L</subfield>
         <subfield code="b">eng</subfield>
         <subfield code="c">C3L</subfield>
         <subfield code="d">EMI</subfield>
         <subfield code="d">HEBIS</subfield>
         <subfield code="d">DEBBG</subfield>
         <subfield code="d">OCLCQ</subfield>
         <subfield code="d">OCLCF</subfield>
         <subfield code="d">OCLCO</subfield>
         <subfield code="d">NNU</subfield>
      </datafield>
      <datafield tag="041" ind1="1" ind2=" ">
         <subfield code="a">ita</subfield>
         <subfield code="a">ger</subfield>
      </datafield>
      <datafield tag="043" ind1=" " ind2=" ">
         <subfield code="a">e-it---</subfield>
      </datafield>
      <datafield tag="045" ind1=" " ind2=" ">
         <subfield code="a">d4i-</subfield>
      </datafield>
      <datafield tag="050" ind1=" " ind2="4">
         <subfield code="a">KJA3340</subfield>
         <subfield code="b">.G367 2008x</subfield>
      </datafield>
      <datafield tag="082" ind1="0" ind2="4">
         <subfield code="a">345</subfield>
         <subfield code="2">21</subfield>
      </datafield>
      <datafield tag="084" ind1=" " ind2=" ">
         <subfield code="a">6,12</subfield>
         <subfield code="2">ssgn</subfield>
      </datafield>
      <datafield tag="100" ind1="1" ind2=" ">
         <subfield code="a">Garofalo, Luigi,</subfield>
         <subfield code="d">1956-</subfield>
      </datafield>
      <datafield tag="245" ind1="1" ind2="0">
         <subfield code="a">Piccoli scritti di diritto penale romano /</subfield>
         <subfield code="c">Luigi Garofalo.</subfield>
      </datafield>
      <datafield tag="260" ind1=" " ind2=" ">
         <subfield code="a">[Padova] :</subfield>
         <subfield code="b">CEDAM,</subfield>
         <subfield code="c">2008.</subfield>
      </datafield>
      <datafield tag="300" ind1=" " ind2=" ">
         <subfield code="a">vi, 246 p. ;</subfield>
         <subfield code="c">24 cm.</subfield>
      </datafield>
      <datafield tag="490" ind1="1" ind2=" ">
         <subfield code="a">L'arte del diritto ;</subfield>
         <subfield code="v">13</subfield>
      </datafield>
      <datafield tag="500" ind1=" " ind2=" ">
         <subfield code="a">Collected writings, mostly already publ.</subfield>
      </datafield>
      <datafield tag="504" ind1=" " ind2=" ">
         <subfield code="a">Includes bibliographical references.</subfield>
      </datafield>
      <datafield tag="505" ind1="0" ind2="0">
         <subfield code="g">Saggi.</subfield>
         <subfield code="t">Homo liber della lex Numae sull'omicidio volontario --</subfield>
         <subfield code="t">Alcuni appunti di Giuseppe Branca sulle "convenzioni costituzionali" nell'antica Roma --</subfield>
         <subfield code="t">In tema di iustitium --</subfield>
         <subfield code="t">Problematiche criminalistiche tra giurisprudenza romana e diritto comune --</subfield>
         <subfield code="t">Concetti e vitalità del diritto penale romano --</subfield>
         <subfield code="t">Stellionatus : storia di una parola.</subfield>
         <subfield code="g">Recensioni.</subfield>
         <subfield code="t">"Tresviri capitales" : storia di una magistratura minore /</subfield>
         <subfield code="r">Cascione, C. --</subfield>
         <subfield code="t">"Crimen calumniae" : contributo allo studio del processo criminale romano /</subfield>
         <subfield code="r">Centola, D.A. --</subfield>
         <subfield code="t">"Dolus pro facto" : alle radici del problema giuridico del tentativo /</subfield>
         <subfield code="r">Sperandio, M.U. --</subfield>
         <subfield code="t">Legittimazione, interesse ed incapacità all'accusa nei "publica iudicia" /</subfield>
         <subfield code="r">Botta, F. --</subfield>
         <subfield code="t">Uccisione dello schiavo in diritto ebraico e romano : studi sulla "Collatio" /</subfield>
         <subfield code="r">Lucrezi, F. --</subfield>
         <subfield code="t">Römischrechtiche Ausgangspunkte der strafrechtlichen Beteiligungslehre : Täterschaft und Teilnahme im römischen Strafrecht /</subfield>
         <subfield code="r">Bock, D.</subfield>
      </datafield>
      <datafield tag="546" ind1=" " ind2=" ">
         <subfield code="a">In Italian; one contribution in German.</subfield>
      </datafield>
      <datafield tag="650" ind1=" " ind2="0">
         <subfield code="a">Criminal law (Roman law)</subfield>
      </datafield>
      <datafield tag="650" ind1="0" ind2="7">
         <subfield code="a">Strafrecht.</subfield>
         <subfield code="2">swd</subfield>
      </datafield>
      <datafield tag="650" ind1="0" ind2="7">
         <subfield code="a">Römisches Recht.</subfield>
         <subfield code="2">swd</subfield>
      </datafield>
      <datafield tag="650" ind1=" " ind2="7">
         <subfield code="a">Criminal law (Roman law)</subfield>
         <subfield code="2">fast</subfield>
         <subfield code="0">(OCoLC)fst00883396</subfield>
      </datafield>
      <datafield tag="830" ind1=" " ind2="0">
         <subfield code="a">Arte del diritto ;</subfield>
         <subfield code="v">13.</subfield>
      </datafield>
      <datafield tag="994" ind1=" " ind2=" ">
         <subfield code="a">Z0</subfield>
         <subfield code="b">ZYU</subfield>
      </datafield>
      <datafield tag="OWN" ind1=" " ind2=" ">
         <subfield code="a">GENERAL</subfield>
      </datafield>
      <datafield tag="AVA" ind1=" " ind2=" ">
         <subfield code="a">NYU50</subfield>
         <subfield code="b">NISAW</subfield>
         <subfield code="c">Small Collection</subfield>
         <subfield code="d">KJA3340 .G367 2008</subfield>
         <subfield code="e">available</subfield>
         <subfield code="t">Available</subfield>
         <subfield code="f">1</subfield>
         <subfield code="g">0</subfield>
         <subfield code="h">N</subfield>
         <subfield code="i">0</subfield>
         <subfield code="j">SMALL</subfield>
         <subfield code="k">0</subfield>
      </datafield>
      <marc:datafield tag="852" ind1=" " ind2=" ">
         <marc:subfield code="b">Institute for the Study of the Ancient World, </marc:subfield>
         <marc:subfield code="c">Small Collection</marc:subfield>
         <marc:subfield code="e">15 East 84th St., </marc:subfield>
         <marc:subfield code="e">New York, NY  10028</marc:subfield>
      </marc:datafield>
   </record>