
  
  
  
  
  
  
 
  
  <record xsi:schemaLocation="http://www.loc.gov/MARC21/slim http://www.loc.gov/standards/marcxml/schema/MARC21slim.xsd">
      <leader>00000cam  2201081 a 4500</leader>
      <controlfield tag="FMT">BK</controlfield>
      <controlfield tag="LDR">00000cam  2201081 a 4500</controlfield>
      <controlfield tag="001">002771622</controlfield>
      <controlfield tag="003">OCoLC</controlfield>
      <controlfield tag="005">20141223145703.0</controlfield>
      <controlfield tag="008">860212s1985    dcua     b   f000 0 eng</controlfield>
      <datafield tag="010" ind1=" " ind2=" ">
         <subfield code="a">86117298</subfield>
      </datafield>
      <datafield tag="020" ind1=" " ind2=" ">
         <subfield code="a">089468079X</subfield>
      </datafield>
      <datafield tag="020" ind1=" " ind2=" ">
         <subfield code="a">9780894680793</subfield>
      </datafield>
      <datafield tag="035" ind1=" " ind2=" ">
         <subfield code="a">(OCoLC)13580362</subfield>
         <subfield code="z">(OCoLC)12618073</subfield>
      </datafield>
      <datafield tag="040" ind1=" " ind2=" ">
         <subfield code="a">DLC</subfield>
         <subfield code="b">eng</subfield>
         <subfield code="c">DLC</subfield>
         <subfield code="d">PSM</subfield>
         <subfield code="d">BAKER</subfield>
         <subfield code="d">NLGGC</subfield>
         <subfield code="d">BTCTA</subfield>
         <subfield code="d">UZ0</subfield>
         <subfield code="d">LFM</subfield>
         <subfield code="d">UIU</subfield>
         <subfield code="d">YDXCP</subfield>
         <subfield code="d">NCECU</subfield>
         <subfield code="d">HEBIS</subfield>
         <subfield code="d">BDX</subfield>
         <subfield code="d">OCLCO</subfield>
         <subfield code="d">OCLCF</subfield>
         <subfield code="d">OCLCO</subfield>
         <subfield code="d">OCLCQ</subfield>
      </datafield>
      <datafield tag="050" ind1="0" ind2="0">
         <subfield code="a">N386.U5</subfield>
         <subfield code="b">S78 vol. 16</subfield>
         <subfield code="a">N7433.93</subfield>
      </datafield>
      <datafield tag="082" ind1="0" ind2="0">
         <subfield code="a">709 s</subfield>
         <subfield code="a">709/.02</subfield>
         <subfield code="2">19</subfield>
      </datafield>
      <datafield tag="084" ind1=" " ind2=" ">
         <subfield code="a">20.05</subfield>
         <subfield code="2">bcl</subfield>
      </datafield>
      <datafield tag="084" ind1=" " ind2=" ">
         <subfield code="a">20.70</subfield>
         <subfield code="2">bcl</subfield>
      </datafield>
      <datafield tag="245" ind1="0" ind2="0">
         <subfield code="a">Pictorial narrative in antiquity and the Middle Ages /</subfield>
         <subfield code="c">edited by Herbert L. Kessler and Marianna Shreve Simpson.</subfield>
      </datafield>
      <datafield tag="260" ind1=" " ind2=" ">
         <subfield code="a">Washington :</subfield>
         <subfield code="b">National Gallery of Art ;</subfield>
         <subfield code="a">Hanover :</subfield>
         <subfield code="b">Distributed by the University Press of New England,</subfield>
         <subfield code="c">©1985.</subfield>
      </datafield>
      <datafield tag="300" ind1=" " ind2=" ">
         <subfield code="a">181 pages :</subfield>
         <subfield code="b">illustrations (some color) ;</subfield>
         <subfield code="c">28 cm.</subfield>
      </datafield>
      <datafield tag="336" ind1=" " ind2=" ">
         <subfield code="a">text</subfield>
         <subfield code="b">txt</subfield>
         <subfield code="2">rdacontent</subfield>
      </datafield>
      <datafield tag="337" ind1=" " ind2=" ">
         <subfield code="a">unmediated</subfield>
         <subfield code="b">n</subfield>
         <subfield code="2">rdamedia</subfield>
      </datafield>
      <datafield tag="338" ind1=" " ind2=" ">
         <subfield code="a">volume</subfield>
         <subfield code="b">nc</subfield>
         <subfield code="2">rdacarrier</subfield>
      </datafield>
      <datafield tag="490" ind1="1" ind2=" ">
         <subfield code="a">Studies in the history of art,</subfield>
         <subfield code="x">0091-7338 ;</subfield>
         <subfield code="v">v. 16.</subfield>
         <subfield code="a">Symposium series / Center for Advanced Study in the Visual Arts ;</subfield>
         <subfield code="v">4</subfield>
      </datafield>
      <datafield tag="500" ind1=" " ind2=" ">
         <subfield code="a">ISAW copy is from the Library of Hayim and Miriam Tadmor.</subfield>
         <subfield code="5">NNU</subfield>
      </datafield>
      <datafield tag="500" ind1=" " ind2=" ">
         <subfield code="a">ISAW copy is inscribed by Irene [J. Winter].</subfield>
         <subfield code="5">NNU</subfield>
      </datafield>
      <datafield tag="500" ind1=" " ind2=" ">
         <subfield code="a">Revised versions of papers given at a symposium held in Baltimore, Mar. 16-17, 1984, cosponsored by the Center for Advanced Study in the Visual Arts and the Dept. of the History of Art of Johns Hopkins University.</subfield>
      </datafield>
      <datafield tag="504" ind1=" " ind2=" ">
         <subfield code="a">Includes bibliographical references.</subfield>
      </datafield>
      <datafield tag="505" ind1="0" ind2="0">
         <subfield code="t">After the battle is over : the Stele of the Vultures and the beginning of historical narrative in the art of the ancient Near East /</subfield>
         <subfield code="r">Winter, Irene J. --</subfield>
         <subfield code="t">Component design as a narrative device in Amarna tomb art /</subfield>
         <subfield code="r">Meyers, Elizabeth L. --</subfield>
         <subfield code="t">History, myth, and allegory in the program of the Temple of Athena Nike, Athens /</subfield>
         <subfield code="r">Stewart, Andrew F. --</subfield>
         <subfield code="t">Pictorial narrative and church mission in sixth-century Gaul /</subfield>
         <subfield code="r">Kessler, Herbert L. --</subfield>
         <subfield code="t">Prestige of Saint Peter's : observations on the function of monumental narrative cycles in Italy /</subfield>
         <subfield code="r">Tronzo, William --</subfield>
         <subfield code="t">Shigisan-engi scrolls, c. 1175 /</subfield>
         <subfield code="r">Shimizu, Yoshiaki --</subfield>
         <subfield code="t">Narrative allusion and metaphor in the decoration of medieval Islamic objects /</subfield>
         <subfield code="r">Simpson, Marianna Shreve --</subfield>
         <subfield code="t">New role of narrative in public painting of the Trecento : Historia and allegory /</subfield>
         <subfield code="r">Belting, Hans --</subfield>
         <subfield code="t">Restructuring the narrative : the function of ceremonial in Charles V's Grandes chroniques de France /</subfield>
         <subfield code="r">Hedeman, Anne D.</subfield>
      </datafield>
      <datafield tag="650" ind1=" " ind2="0">
         <subfield code="a">Narrative art</subfield>
         <subfield code="x">Themes, motives.</subfield>
      </datafield>
      <datafield tag="650" ind1=" " ind2="0">
         <subfield code="a">Narrative art</subfield>
         <subfield code="x">History</subfield>
         <subfield code="y">To 1500.</subfield>
      </datafield>
      <datafield tag="650" ind1=" " ind2="0">
         <subfield code="a">Art, Medieval</subfield>
         <subfield code="x">Themes, motives.</subfield>
      </datafield>
      <datafield tag="650" ind1=" " ind2="0">
         <subfield code="a">Art, Ancient</subfield>
         <subfield code="x">Themes, motives.</subfield>
      </datafield>
      <datafield tag="650" ind1=" " ind2="7">
         <subfield code="a">Art, Ancient</subfield>
         <subfield code="x">Themes, motives.</subfield>
         <subfield code="2">fast</subfield>
         <subfield code="0">(OCoLC)fst00815932</subfield>
      </datafield>
      <datafield tag="650" ind1=" " ind2="7">
         <subfield code="a">Art, Medieval</subfield>
         <subfield code="x">Themes, motives.</subfield>
         <subfield code="2">fast</subfield>
         <subfield code="0">(OCoLC)fst00816593</subfield>
      </datafield>
      <datafield tag="650" ind1=" " ind2="7">
         <subfield code="a">Narrative art</subfield>
         <subfield code="x">Themes, motives.</subfield>
         <subfield code="2">fast</subfield>
         <subfield code="0">(OCoLC)fst01032943</subfield>
      </datafield>
      <datafield tag="650" ind1="1" ind2="7">
         <subfield code="a">Beeldende kunsten.</subfield>
         <subfield code="2">gtt</subfield>
      </datafield>
      <datafield tag="650" ind1="1" ind2="7">
         <subfield code="a">Verteltheorie.</subfield>
         <subfield code="2">gtt</subfield>
      </datafield>
      <datafield tag="650" ind1="1" ind2="7">
         <subfield code="a">Verhalen.</subfield>
         <subfield code="2">gtt</subfield>
      </datafield>
      <datafield tag="650" ind1="1" ind2="7">
         <subfield code="a">Oudheid.</subfield>
         <subfield code="2">gtt</subfield>
      </datafield>
      <datafield tag="650" ind1="1" ind2="7">
         <subfield code="a">Middeleeuwen.</subfield>
         <subfield code="2">gtt</subfield>
      </datafield>
      <datafield tag="650" ind1="0" ind2="7">
         <subfield code="a">Ereignisbild.</subfield>
         <subfield code="2">swd</subfield>
      </datafield>
      <datafield tag="650" ind1="0" ind2="7">
         <subfield code="a">Kunst.</subfield>
         <subfield code="2">swd</subfield>
      </datafield>
      <datafield tag="651" ind1=" " ind2="7">
         <subfield code="a">Baltimore &lt;Md.,1984&gt;</subfield>
         <subfield code="2">swd</subfield>
      </datafield>
      <datafield tag="796" ind1="1" ind2=" ">
         <subfield code="a">Tadmor, Hayim,</subfield>
         <subfield code="e">former owner.</subfield>
      </datafield>
      <datafield tag="796" ind1="1" ind2=" ">
         <subfield code="a">Tadmor, Miriam,</subfield>
         <subfield code="e">former owner.</subfield>
      </datafield>
      <datafield tag="797" ind1="2" ind2=" ">
         <subfield code="a">Tadmor Collection.</subfield>
      </datafield>
      <datafield tag="700" ind1="1" ind2=" ">
         <subfield code="a">Kessler, Herbert L.,</subfield>
         <subfield code="d">1941-</subfield>
      </datafield>
      <datafield tag="700" ind1="1" ind2=" ">
         <subfield code="a">Simpson, Marianna Shreve,</subfield>
         <subfield code="d">1949-</subfield>
      </datafield>
      <datafield tag="710" ind1="2" ind2=" ">
         <subfield code="a">Center for Advanced Study in the Visual Arts (U.S.)</subfield>
      </datafield>
      <datafield tag="710" ind1="2" ind2=" ">
         <subfield code="a">Johns Hopkins University.</subfield>
         <subfield code="b">Department of the History of Art.</subfield>
      </datafield>
      <datafield tag="776" ind1="0" ind2="8">
         <subfield code="i">Online version:</subfield>
         <subfield code="t">Pictorial narrative in antiquity and the Middle Ages.</subfield>
         <subfield code="d">Washington : National Gallery of Art ; Hanover : Distributed by the University Press of New England, ©1985</subfield>
         <subfield code="w">(OCoLC)742432949</subfield>
      </datafield>
      <datafield tag="830" ind1=" " ind2="0">
         <subfield code="a">Studies in the history of art (Washington, D.C.) ;</subfield>
         <subfield code="v">16.</subfield>
      </datafield>
      <datafield tag="830" ind1=" " ind2="0">
         <subfield code="a">Studies in the history of art (Washington, D.C.).</subfield>
         <subfield code="p">Symposium series ;</subfield>
         <subfield code="v">4.</subfield>
      </datafield>
      <datafield tag="OWN" ind1=" " ind2=" ">
         <subfield code="a">GENERAL</subfield>
      </datafield>
      <datafield tag="950" ind1=" " ind2=" ">
         <subfield code="l">IFAM</subfield>
         <subfield code="a">N386.U5</subfield>
         <subfield code="b">S78 vol.16</subfield>
         <subfield code="i">10/29/90 C</subfield>
         <subfield code="h">03/20/90 C</subfield>
      </datafield>
      <datafield tag="950" ind1=" " ind2=" ">
         <subfield code="l">BMAIN</subfield>
         <subfield code="a">N386.U5</subfield>
         <subfield code="b">S78 vol.16</subfield>
         <subfield code="h">07/16/86 C</subfield>
      </datafield>
      <datafield tag="955" ind1=" " ind2=" ">
         <subfield code="l">IFAM</subfield>
         <subfield code="c">1</subfield>
         <subfield code="u">Reclass from N386.U5.A32 v.16</subfield>
         <subfield code="h">03/20/90 C</subfield>
      </datafield>
      <datafield tag="955" ind1=" " ind2=" ">
         <subfield code="l">BMAIN</subfield>
         <subfield code="c">1</subfield>
         <subfield code="q">86-B10442-1</subfield>
         <subfield code="r">012021112</subfield>
         <subfield code="h">07/16/86 C</subfield>
      </datafield>
      <datafield tag="998" ind1=" " ind2=" ">
         <subfield code="a">10/29/90</subfield>
         <subfield code="t">b</subfield>
         <subfield code="s">9110</subfield>
         <subfield code="n">NNU</subfield>
         <subfield code="w">DCLC86117298B</subfield>
         <subfield code="d">04/01/86</subfield>
         <subfield code="b">KY</subfield>
         <subfield code="i">901029</subfield>
         <subfield code="h">900320</subfield>
         <subfield code="h">860716</subfield>
         <subfield code="l">NYUG</subfield>
      </datafield>
      <datafield tag="AVA" ind1=" " ind2=" ">
         <subfield code="a">NYU50</subfield>
         <subfield code="b">BOBST</subfield>
         <subfield code="c">Main Collection</subfield>
         <subfield code="d">N386.U5 S78 vol.16</subfield>
         <subfield code="e">available</subfield>
         <subfield code="t">Available</subfield>
         <subfield code="f">1</subfield>
         <subfield code="g">0</subfield>
         <subfield code="h">N</subfield>
         <subfield code="i">7</subfield>
         <subfield code="j">MAIN</subfield>
         <subfield code="k">0</subfield>
      </datafield>
      <datafield tag="AVA" ind1=" " ind2=" ">
         <subfield code="a">NYU50</subfield>
         <subfield code="b">NIFA</subfield>
         <subfield code="c">Main Collection</subfield>
         <subfield code="d">N386.U5 S78 vol.16 Non-circulating</subfield>
         <subfield code="e">available</subfield>
         <subfield code="t">Available</subfield>
         <subfield code="f">1</subfield>
         <subfield code="g">0</subfield>
         <subfield code="h">N</subfield>
         <subfield code="i">0</subfield>
         <subfield code="j">MAIN</subfield>
         <subfield code="k">0</subfield>
      </datafield>
      <datafield tag="AVA" ind1=" " ind2=" ">
         <subfield code="a">NYU50</subfield>
         <subfield code="b">NISAW</subfield>
         <subfield code="c">Large Collection</subfield>
         <subfield code="d">N7433.93 .P53 1985</subfield>
         <subfield code="e">available</subfield>
         <subfield code="t">Available</subfield>
         <subfield code="f">1</subfield>
         <subfield code="g">0</subfield>
         <subfield code="h">N</subfield>
         <subfield code="i">0</subfield>
         <subfield code="j">LARGE</subfield>
         <subfield code="k">0</subfield>
      </datafield>
      <marc:datafield tag="852" ind1=" " ind2=" ">
         <marc:subfield code="b">Institute for the Study of the Ancient World, </marc:subfield>
         <marc:subfield code="c">Large Collection</marc:subfield>
         <marc:subfield code="e">15 East 84th St., </marc:subfield>
         <marc:subfield code="e">New York, NY  10028</marc:subfield>
      </marc:datafield>
   </record>
  
  
  
  
  
  
  
 </collection>
